4876 6520
1429 592 1547 692 (⁹⁰)

758 769 866 834 nostre
889 757 971 836 ntnl
1007 757 1160 836 iussimus
1189 757 1360 832 merueri-
1386 781 1425 831 en
1447 755 1571 830 sedicet
1602 751 1729 827 notione
1757 753 1869 826 omnis
1899 755 2033 828 servitio
2061 781 2128 854 que
2150 773 2184 834 et

759 889 898 985 qualiter
919 889 1068 985 superins
1090 887 1210 984 legium
1240 895 1274 960 ot
1304 894 1416 958 nostro
1442 883 1582 980 pertinet
1612 881 1732 979 palutio
1765 881 1984 956 concessimus
2012 883 2049 956 in
2071 897 2182 960 sancto
2316 922 2319 928 ·

758 1019 953 1092 monasterio
974 1022 1009 1090 ct
1031 1017 1071 1088 nd
1093 1015 1164 1090 eins
1185 1017 1334 1092 custodes
1356 1013 1462 1110 odque
1484 1019 1625 1086 rectores
1647 1013 1689 1083 od
1712 1009 1874 1086 mendum
1898 1019 1932 1084 et
1953 1011 2183 1107 possidendum

759 1147 795 1212 ct
815 1141 997 1216 lecimdum
1019 1162 1062 1212 ex
1084 1139 1153 1234 ipso
1174 1139 1306 1210 servitio
1328 1137 1438 1210 omnin
1460 1160 1527 1234 que
1550 1135 1709 1232 placuerit
1740 1135 1959 1233 supersctipto
1992 1149 2103 1212 saneto
2126 1163 2182 1215 ce·

760 1269 861 1340 novio
882 1275 917 1338 et
938 1267 979 1338 nd
1001 1266 1072 1338 cius
1094 1263 1242 1336 custodes
1264 1265 1370 1359 adque
1392 1272 1534 1337 rectores
1556 1263 1682 1362 ubsque
1703 1266 1930 1340 monendam
1961 1267 2094 1342 comitis
2125 1291 2180 1342 ce-

761 1392 888 1466 soldeis
909 1391 1026 1464 iudicis
1047 1389 1101 1462 vel
1122 1387 1285 1462 sculdahis
1299 1397 1356 1460 eut
1369 1387 1603 1485 cuiuscumque
1617 1409 1754 1484 omnum
1769 1387 1911 1462 hominis
1926 1391 2180 1472 contnodictionn

761 1521 815 1596 vel
837 1519 1062 1618 inquictudine
1084 1517 1224 1592 nominc.
1246 1517 1283 1590 in
1304 1518 1429 1614 prolato
1451 1528 1563 1592 sancto
1585 1519 1781 1594 monosterio
1802 1518 1857 1592 vel
1879 1519 2017 1618 eiusque
2032 1525 2180 1598 custodes

763 1651 868 1746 ndquo
890 1656 1033 1722 rectores
1054 1649 1174 1722 exindo
1196 1646 1310 1744 aliquo
1331 1648 1492 1722 contueris
1514 1647 1662 1724 faciente.
1688 1647 1778 1744 quod
1794 1647 1823 1720 si
1838 1647 2000 1744 quispim
2023 1650 2107 1724 lmnc
2121 1673 2181 1726 no·

761 1786 828 1850 strn
851 1777 1057 1850 concessione
1078 1777 1115 1850 in
1136 1775 1445 1874 quomodocumque
1467 1775 1592 1850 violnne
1613 1774 1846 1872 presumpserit
1860 1774 1941 1848 seint
1962 1797 1999 1850 so
2020 1779 2182 1874 componi·

763 1910 857 1976 turus
880 1901 916 1972 in
937 1900 1083 1995 predicto
1104 1909 1215 1974 snuoto
1230 1901 1427 1974 monostetio
1448 1923 1506 1976 seu
1528 1899 1569 1974 od
1592 1901 1727 1996 eiusque
1741 1899 1889 1974 emtodes
1906 1899 2011 1998 sdqne
2025 1911 2180 1978 rectores.

764 2029 836 2100 euri
847 2027 922 2123 puni
935 2027 1032 2102 libros
1046 2026 1200 2126 quinque.
1216 2035 1249 2102 et
1263 2051 1302 2101 oc
1315 2025 1480 2100 concessio
1493 2028 1534 2100 do
1546 2027 1685 2124 qualiter
1699 2027 1843 2101 continet
1858 2027 1952 2100 tirmn
1967 2039 2180 2123 permaneant

764 2159 799 2228 in
822 2163 1014 2252 perpetuum
1035 2163 1074 2228 ut
1095 2163 1205 2228 sutem
1220 2179 1258 2228 oc
1274 2161 1384 2228 nostru
1406 2155 1570 2228 concessio
1592 2156 1702 2228 verim
1721 2155 1914 2230 ohscnhetur
1927 2177 2029 2232 mnnu
2050 2159 2181 2255 pronun

767 2280 952 2375 scripsimus
974 2289 1073 2354 etex
1095 2278 1194 2354 enulo
1216 2289 1328 2352 nostro
1351 2279 1463 2354 subter
1485 2281 1639 2356 iussimus
1661 2279 1807 2378 sigillmi.

1288 2407 1447 2494 ANDE

864 2975 1001 3071 Signum
1033 2971 1288 3194 Ν--ἳ
1296 2973 1498 3060 -··L
1544 2974 1669 3047 domini
1708 2976 1878 3050 landenolfi
1918 2973 2179 3054 excellentissimi

1545 3127 1709 3200 prmcnpm.

1248 3195 1286 3282 F

1237 3303 1281 3729 l

859 3817 1022 3892 Adelchisi
1045 3814 1149 3889 scribo
1172 3839 1215 3889 cx
1238 3817 1380 3892 iussione
1403 3821 1583 3918 supradicte
1606 3826 1770 3920 potestatis
1792 3826 1905 3922 scripsi
1920 3829 2039 3900 Dntum
2062 3828 2180 3902 llulen·

766 3947 821 4020 des
844 3943 1003 4016 innuerim
1027 3965 1112 4014 nuno
1139 3944 1276 4038 septimo
1299 3945 1499 4041 principatus
1520 3951 1644 4024 domini
1667 3953 1838 4028 landonolfi
1867 3954 2004 4051 glon'csi
2025 3955 2179 4052 principis

764 4071 940 4144 indictione
963 4069 1113 4144 secunde.
1139 4071 1260 4144 Actum
1283 4072 1318 4145 in
1341 4073 1473 4148 civitate
1495 4098 1649 4172 copumo.
