4876 6520
1404 605 1508 701 (4)

737 788 818 837 vore
840 764 923 836 iusta
948 765 1075 839 misum
1101 765 1171 836 Una
1197 786 1274 837 cum
1297 763 1467 837 erroribus
1483 761 1657 835 fructiferis
1672 761 1726 834 vel
1741 760 1951 835 infructiferis
1967 759 2064 834 simui
2082 781 2160 833 cum

739 889 909 962 introitum
930 912 1028 962 suum
1049 901 1082 962 et
1105 889 1255 960 omnibus
1279 889 1341 960 sivi
1364 887 1619 984 pertinentibus:
1646 887 1697 958 De
1720 911 1786 981 que
1809 887 1892 957 nihii
1915 889 2010 960 novis
2036 887 2154 960 exinde

740 1016 894 1088 remansit
916 1025 965 1090 set
988 1015 1022 1087 in
1038 1017 1164 1110 integro
1186 1018 1272 1086 sicut
1286 1015 1433 1110 superius
1448 1015 1565 1108 legitur
1579 1015 1622 1086 ha
1637 1013 1729 1086 nobis
1753 1013 1846 1086 vobis
1862 1014 1912 1087 sid
1926 1017 2109 1088 venundata
2125 1023 2159 1087 et

737 1141 853 1214 erun
876 1141 911 1214 in
933 1149 1038 1214 vestre
1062 1139 1239 1234 vestrisque
1261 1139 1433 1210 heredibus
1454 1139 1504 1210 sid
1527 1147 1718 1231 potestatem
1737 1138 1897 1234 quidquid
1913 1139 2030 1213 exinde
2045 1141 2151 1214 iacere

739 1265 923 1340 venerius:
937 1265 996 1338 tivi
1007 1273 1185 1336 memorato
1208 1261 1348 1334 iohanne
1371 1261 1489 1334 exinde
1504 1261 1761 1334 venundedimus
1777 1261 1818 1332 de
1834 1273 1950 1357 quota
1963 1271 2054 1357 parte
2070 1285 2154 1336 uuas

739 1391 853 1470 attici
876 1397 1054 1462 memento
1076 1387 1169 1460 leone
1191 1387 1308 1458 exinde
1332 1386 1589 1459 venundedimus
1611 1395 1718 1480 partes
1742 1394 1825 1458 tres:
1849 1395 1883 1458 et
1905 1411 2012 1484 neque
2030 1387 2157 1461 anobis

739 1526 917 1590 memorato
937 1513 1092 1608 stephano
1109 1511 1222 1582 abbate
1240 1509 1439 1604 presbitero:
1462 1521 1495 1584 et
1510 1511 1649 1585 marino.
1666 1523 1699 1583 et
1723 1511 1881 1584 anastasio
1898 1513 2160 1588 disuibutoribus

740 1642 905 1736 quondam
927 1647 1107 1712 memorato
1130 1637 1270 1710 martino
1296 1637 1479 1708 ealciolsrio
1509 1661 1616 1732 neque
1640 1663 1660 1708 a
1681 1639 1817 1732 posteris
1840 1639 1893 1710 rel
1915 1639 1956 1710 ab
1991 1639 2162 1715 heredibus

739 1766 857 1840 nostris
870 1789 929 1838 nec
944 1765 983 1836 ab
994 1763 1127 1836 heredes
1143 1765 1310 1858 quondam
1324 1771 1505 1836 memorato
1520 1762 1660 1834 martino
1673 1785 1734 1836 nec
1750 1787 1769 1833 a
1785 1763 1879 1834 nobis
1895 1765 2053 1858 personisz
2069 1788 2159 1840 sum·

740 1892 854 1972 missis.
878 1889 967 1962 nullo
990 1899 1136 1982 tempore
1159 1907 1338 1980 numquam
1361 1907 1420 1960 vos
1441 1895 1622 1960 memorato
1649 1887 1790 1960 iohanne
1814 1895 1848 1960 et
1871 1887 1965 1960 leone
1993 1890 2155 1983 germanis

741 2027 801 2090 sut
823 2015 956 2086 heredes
978 2013 1092 2084 vestris
1115 2011 1204 2106 quod
1226 2010 1309 2082 absit
1331 2009 1477 2084 udentia
1493 2011 1611 2084 exinde
1624 2010 1835 2107 requisitione
1850 2021 1906 2084 aut
1920 2009 2099 2082 molestiam
2115 2010 2158 2084 ba

742 2151 876 2223 nuncet
891 2140 1114 2235 imperpetuis:
1139 2137 1355 2232 temporibusr
1373 2161 1434 2234 pro
1446 2162 1487 2212 eo
1501 2140 1592 2238 qnod
1606 2140 1642 2212 iu
1656 2141 1814 2236 presentis
1836 2139 1954 2213 exinde
1976 2137 2157 2232 acoepmus

739 2295 765 2341 a
788 2269 880 2342 robis
903 2267 938 2340 in
960 2289 1091 2340 omnem
1114 2266 1342 2340 deliveratione
1365 2269 1535 2340 memorati
1558 2267 1632 2340 auri
1653 2266 1716 2342 teri
1739 2266 1973 2362 quadraginta:
1994 2275 2061 2340 ste
2083 2289 2159 2340 mc·

745 2401 871 2464 morato
893 2390 1032 2462 iohanne
1054 2390 1233 2484 recepimus
1256 2391 1318 2462 tari
1341 2392 1474 2464 decem:
1493 2401 1557 2464 eta
1574 2401 1606 2464 tc
1622 2400 1802 2463 memorato
1824 2390 1952 2464 leonem
1975 2389 2156 2483 recepimus

706 2507 711 2515 ’
739 2514 806 2588 ¹tori
829 2513 959 2604 triginta
981 2511 1071 2608 quod
1078 2559 1181 2583 .....
1188 2511 1320 2584 insimul
1342 2517 1514 2586 memorati
1537 2515 1609 2589 auri
1633 2516 1695 2586 tari
1710 2515 1924 2610 qrradragiuta
1946 2537 2005 2609 per
2028 2537 2160 2609 presens

745 2639 892 2716 dedimus
914 2660 975 2733 pro
997 2640 1103 2712 anima
1125 2641 1288 2736 quondam
1311 2651 1492 2715 memorato
1523 2643 1663 2714 martino
1687 2644 1805 2718 vitrico
1828 2644 1924 2715 sicuti
1948 2643 2019 2716 eius
2044 2644 2161 2738 dispo-

742 2763 825 2847 situs
847 2766 1011 2838 continet:
1036 2775 1085 2838 set
1107 2775 1144 2838 ut
1167 2767 1315 2860 superius
1329 2768 1483 2841 diximus:
1500 2777 1539 2841 tu
1551 2778 1730 2843 memorato
1744 2771 1885 2843 iohanne
1901 2779 1935 2842 et
1948 2769 2083 2844 heredes
2098 2771 2164 2843 tuis

744 2914 840 2972 apere
862 2892 1002 2966 devertis
1023 2893 1059 2964 iu
1081 2903 1255 2966 memmata
1278 2903 1365 2964 terra
1386 2895 1427 2965 de
1449 2905 1599 2990 querum
1621 2905 1713 2989 parte
1735 2906 1827 2990 parte
1850 2921 1937 2972 una:
1964 2905 1998 2969 et
2020 2905 2059 2970 tu
2081 2918 2160 2970 me-

744 3023 870 3088 morato
893 3017 986 3088 leone
1008 3025 1042 3090 et
1064 3016 1197 3089 heredes
1220 3015 1284 3086 tuis
1305 3013 1425 3088 habero
1448 3017 1590 3090 derectis
1613 3017 1648 3090 in
1663 3029 1841 3093 memorata
1855 3031 1942 3094 terra
1955 3031 2062 3117 partes
2077 3029 2156 3095 tres:

746 3143 792 3216 Ut
813 3141 898 3214 iuter
919 3140 1012 3212 nobis
1034 3141 1214 3214 eumbenit:
1240 3141 1275 3212 Si
1297 3155 1406 3214 autem
1428 3144 1521 3216 aliter
1543 3144 1713 3218 fecerimus
1728 3168 1787 3218 nos
1805 3156 1862 3220 aut
1878 3149 2013 3242 posteris
2026 3147 2079 3221 uel
2093 3146 2162 3222 hs-

746 3265 877 3340 redibus
898 3263 1015 3338 nostris
1036 3266 1077 3338 de
1099 3265 1128 3338 is
1150 3264 1300 3338 omnibus
1322 3267 1507 3340 memoratis
1531 3276 1568 3339 ut
1590 3291 1687 3363 super
1710 3269 1828 3363 legitur
1842 3294 1901 3364 per
1914 3271 2059 3366 quoliret
2076 3293 2156 3343 nso-

747 3395 828 3468 dum
851 3403 908 3466 aut
929 3391 1119 3468 summissis:
1133 3393 1293 3489 personis:
1318 3402 1396 3466 tuno
1419 3397 1642 3490 componimus
1666 3395 1758 3469 vobis
1781 3397 1972 3493 vestrisque:
1988 3397 2162 3472 heredibus

740 3519 820 3594 suri
841 3519 960 3594 solidos
981 3519 1097 3614 viginti
1118 3529 1260 3614 quatuor
1271 3517 1494 3615 bytbianteos:
1512 3529 1545 3592 et
1562 3519 1622 3591 hec
1637 3518 1783 3592 chartula
1798 3520 1992 3594 venditionis
2008 3530 2046 3595 ut
2060 3541 2158 3617 super

745 3646 864 3740 legitur
886 3646 928 3720 sit
949 3646 1043 3720 firme
1064 3647 1182 3742 scripta
1203 3667 1262 3743 per
1283 3667 1417 3722 manum
1439 3645 1538 3744 sergii
1560 3645 1711 3720 abutaris
1725 3668 1784 3744 per
1798 3657 1976 3722 memorata
1999 3671 2086 3724 nona
2108 3649 2161 3724 iu·

749 3769 889 3848 dictione
910 3771 943 3868 †

843 3901 1060 3998 †stebiauus
1084 3905 1250 3999 presbyter
1274 3911 1306 3977 et
1329 3906 1426 3978 abbas
1448 3906 1620 4004 subscripsi
1643 3911 1675 4007 †

844 4024 877 4120 †
899 4049 954 4118 spo
975 4047 1097 4123 paperes
1124 4013 1236 4126 ircrop
1259 4010 1337 4118 σοῖβ
1360 4029 1392 4126 †

845 4150 878 4246 †
900 4173 963 4245 ego
985 4155 1157 4226 mastasius
1179 4154 1366 4228 distributor
1387 4155 1561 4252 subscripsi
1584 4156 1616 4251 †

752 4277 759 4336 ἰ
842 4273 961 4372 †ego
983 4273 1136 4348 iohannes
1167 4277 1252 4350 filius
1283 4277 1405 4353 domini
1427 4280 1541 4352 cesuii
1572 4290 1705 4378 rogatus
1728 4306 1748 4354 a
1769 4283 1985 4379 suprascripta
2020 4297 2156 4377 persons

745 4400 819 4476 testi
842 4400 1013 4496 subscripsi
1037 4411 1071 4476 et
1093 4404 1297 4500 suprascripti
1320 4405 1382 4478 tari
1407 4407 1568 4480 coufessus
1592 4407 1771 4503 percepisse
1794 4408 1826 4505 †

743 4525 872 4645 —†
910 4539 999 4604 nro
1035 4539 1297 4605 esonororo
1334 4541 1509 4606 errrore
1533 4513 1602 4610 'Ka
1640 4545 1830 4611 rrnroer
1862 4541 2093 4610 rorsroro
2131 4540 2162 4606 s

747 4660 854 4727 cers
883 4633 1006 4729 rico-n
1034 4663 1160 4734 rnen
1187 4633 1300 4735 mss
1322 4667 1382 4734 ue
1409 4632 1508 4733 Ec'rr‘
1528 4667 1629 4736 uses
1656 4635 1785 4734 dono
1810 4633 2090 4749 narnensis

1330 4849 1576 4892 ‘m
