4906 6520
960 637 977 728 (
1005 643 1065 708 141
1094 640 1111 733 )

336 793 479 890 personis
502 816 523 862 a
544 813 631 864 nunc
657 801 691 864 et
713 794 748 866 in
770 794 933 914 perpetuis
968 793 1196 890 temporibus:
1230 799 1363 890 Insuper
1391 805 1424 870 et
1454 799 1495 870 sb
1525 803 1614 873 omni
1652 806 1762 878 omine

337 917 491 1012 omnique
514 939 649 1011 persons
671 915 785 988 homni
809 927 954 1014 tempore
974 943 1035 1015 ego
1059 929 1092 992 et
1114 920 1286 993 heredibus
1308 921 1389 992 meis
1421 923 1479 994 tibi
1503 925 1632 1021 tuisque
1658 929 1760 1002 here-

336 1045 430 1118 dibus
453 1045 569 1118 exinde
593 1055 770 1118 memoratu
793 1055 980 1119 terrosum
1003 1055 1220 1120 memoratum
1243 1049 1432 1123 intersicum
1454 1049 1489 1120 in
1518 1051 1670 1123 omuibus
1700 1079 1760 1124 un-

257 1207 261 1214 ·
337 1188 447 1246 testare
469 1186 499 1243 ct
520 1173 676 1266 defossum
699 1173 857 1245 boemos
888 1183 1020 1267 propter
1051 1177 1140 1269 quod
1164 1177 1273 1269 occepi
1299 1202 1318 1247 a
1344 1187 1378 1248 te
1404 1179 1522 1250 exinde
1549 1180 1583 1250 in
1607 1183 1763 1275 presentis

336 1299 372 1372 iu
410 1319 542 1369 omnem
564 1297 724 1372 decisione
746 1325 804 1374 seu
827 1297 1056 1370 deliberatione
1079 1301 1163 1370 idest
1186 1301 1257 1370 suri
1273 1302 1335 1370 turi
1350 1301 1466 1393 viginti
1483 1303 1561 1374 honi
1578 1304 1663 1376 sicut
1681 1306 1767 1376 inter

294 1511 298 1522 ¹
337 1426 431 1501 uobis
453 1427 638 1500 comhenit:
670 1427 705 1498 Si
730 1437 839 1500 autem
863 1449 925 1520 ego
950 1435 1006 1498 eut
1029 1427 1203 1497 heredibus
1228 1427 1308 1497 meis
1335 1427 1452 1520 quobis
1477 1437 1624 1520 tempore
1650 1441 1765 1501 contra
1888 1517 1895 1528 ,

337 1579 397 1628 unu
434 1555 578 1627 chartula
601 1553 793 1628 venditionis
817 1563 854 1625 ut
876 1577 971 1648 super
994 1554 1113 1647 legitur
1135 1553 1246 1624 henire
1271 1556 1541 1646 presumserimus
1567 1567 1622 1626 sut
1645 1557 1680 1626 in
1704 1557 1763 1626 ali-

336 1684 411 1778 quis
433 1681 545 1755 offensi
568 1681 724 1754 hierimus
746 1703 806 1775 per
828 1681 945 1778 quobis
959 1681 1095 1751 modum
1110 1691 1167 1748 aut
1183 1679 1350 1748 summissis
1362 1681 1505 1769 personis
1524 1697 1597 1753 tuuc
1614 1703 1761 1774 compono

334 1832 390 1900 epo
405 1819 438 1880 et
451 1807 622 1880 heredibus
645 1805 727 1878 meis
752 1805 810 1875 tibi
834 1805 979 1900 tubilue:
1004 1803 1176 1874 heredibus
1201 1803 1273 1873 uuri
1305 1799 1426 1872 solidos
1452 1802 1570 1894 viginti
1595 1804 1759 1898 quudtuor

265 1983 269 1992 -
336 1932 538 2027 bythiantcos
561 1941 594 2001 et
617 1931 677 2001 hec
700 1929 846 2000 chartula
877 1937 915 2000 ut
946 1924 1185 2019 supertegitur
1209 1923 1251 1994 sit
1273 1925 1367 1996 firma
1398 1922 1519 2016 scripta
1543 1947 1600 2020 per
1624 1947 1760 1997 manum

339 2055 423 2150 petri
446 2055 576 2128 curialis
599 2077 658 2149 per
681 2062 861 2126 memorata
884 2073 971 2124 nona
994 2049 1169 2124 indictione
1195 2047 1227 2142 †

432 2184 496 2256 hoc
519 2185 648 2278 signum
671 2180 703 2276 †
725 2205 841 2253 munus
863 2189 1042 2252 memorato
1066 2175 1188 2248 cesario
1211 2177 1300 2271 quod
1324 2197 1386 2282 ego
1405 2177 1463 2271 qui
1493 2183 1688 2248 memoratos
1704 2197 1764 2270 pro

339 2286 416 2386 'eum
439 2309 614 2406 suuesps
637 2319 669 2383 s
690 2309 863 2380 memoras
887 2308 949 2378 nn·
972 2306 1114 2380 nanus
1139 2304 1256 2400 nrnr†

434 2436 551 2533 *bego
573 2437 728 2510 iohannes
751 2435 837 2507 iilius
858 2433 983 2505 domini
1006 2433 1107 2504 cesari
1123 2440 1255 2526 rogatus
1275 2429 1529 2526 usuprescripto
1547 2429 1672 2502 cesario
1687 2430 1762 2502 testi

339 2565 513 2660 subscripsi
538 2579 567 2637 et
591 2566 814 2659 usproscriptos
836 2563 952 2634 solidos
977 2562 1112 2634 unditos
1136 2560 1206 2632 bidi
1232 2559 1264 2655 †

436 2691 468 2789 †
490 2714 552 2787 ego
582 2693 721 2762 stefanus
752 2689 836 2762 iilius
866 2685 990 2760 domiui
1021 2687 1170 2760 iohannis
1194 2695 1328 2782 rogatus
1354 2713 1372 2759 a
1396 2686 1614 2782 suprascripto
1639 2683 1762 2756 cesario

340 2817 413 2890 testi
437 2815 611 2912 subscripsi
634 2819 672 2887 et'
689 2812 898 2909 suprascripti
921 2813 985 2883 uri
1009 2811 1152 2884 tradidos
1177 2811 1247 2884 bidi
1272 2809 1305 2908 †

437 2943 553 3039 †ego
581 2951 692 3037 petrus
720 2939 807 3014 filius
840 2939 964 3012 domini
991 2937 1076 3044 petri
1097 2945 1230 3034 rogetus
1254 2963 1273 3010 a
1295 2938 1516 3036 suprascripto
1539 2939 1664 3014 cosmo
1690 2941 1761 3014 testi

343 3071 518 3169 subscripsi
540 3081 573 3144 ct
595 3069 828 3167 snpruseriptos
850 3068 913 3143 uri
936 3067 1070 3142 traditos
1093 3065 1164 3140 bidi
1187 3063 1219 3160 †
