4876 6520
1413 647 1520 744 (e)

1293 923 1315 1050 J
1379 929 1560 1009 nnxxv.

640 1210 693 1260 an.
852 1191 884 1288 †
906 1193 943 1264 ln
965 1194 1096 1264 nomine
1118 1190 1242 1264 domiui
1265 1190 1317 1264 dci
1339 1189 1506 1264 salvatoris
1528 1192 1629 1262 nostri
1650 1187 1746 1262 lbesu
1764 1186 1884 1262 Christi
1905 1188 2084 1284 Imperanto
2106 1187 2173 1262 do:-

618 1324 704 1385 981.
759 1319 849 1392 mino
870 1327 981 1392 nostro
995 1315 1107 1390 basilio
1121 1339 1240 1414 magno
1262 1317 1457 1414 Imperatore
1479 1340 1563 1388 anno
1585 1315 1739 1390 vicesimo
1760 1316 1877 1411 primo.
1900 1317 1956 1388 sed
1971 1324 2005 1388 et
2018 1325 2172 1387 constan·-

761 1445 829 1518 tino
862 1467 979 1538 magno
1007 1446 1201 1542 Imperatore
1229 1445 1327 1518 irater
1356 1445 1427 1520 eius
1459 1445 1648 1519 oaaooctobo
1683 1445 1810 1516 decimo.
1847 1443 1908 1516 Dio
1939 1465 2023 1517 nona
2055 1444 2172 1516 mensis

761 1568 860 1662 magii
893 1568 1066 1642 indictione
1093 1592 1178 1641 nona
1206 1567 1333 1662 neapoli
1367 1568 1488 1640 Visus:
1523 1568 1632 1664 itaque
1660 1588 1734 1642 eum
1766 1587 1829 1662 ego
1853 1565 2007 1640 iohannes
2040 1565 2172 1638 humilis

761 1713 942 1786 ygumenus
973 1693 1151 1765 monosterii
1172 1707 1346 1764 sanctornm
1368 1691 1465 1788 sergii
1488 1701 1521 1764 et
1541 1691 1637 1764 bachi
1659 1691 1717 1788 qni
1741 1714 1826 1763 nunc
1839 1699 2051 1785 congregatus
2074 1711 2109 1762 es
2137 1692 2173 1762 iu

762 1821 954 1890 monasterio
978 1829 1160 1892 sauctorum
1189 1818 1337 1893 theodori
1364 1827 1397 1892 et
1419 1817 1586 1892 sebastiani
1609 1819 1668 1916 qui
1692 1819 1867 1914 appellatur
1890 1817 2045 1912 casapicta
2073 1817 2172 1890 sitnm

762 1948 796 2019 in
822 1947 990 2018 viridiario
1015 1970 1081 2020 ooo
1108 1969 1183 2018 cum
1214 1953 1327 2019 cuncta
1357 1955 1464 2018 nostra
1496 1947 1742 2041 congregatione
1776 1945 2008 2019 monachorum
2040 1965 2170 2017 memo·

762 2075 824 2146 rati
858 2075 958 2147 sancti
990 2083 1022 2146 et
1052 2073 1240 2146 uenerabilis
1265 2073 1366 2145 nostri
1399 2072 1582 2145 monasterii
1605 2084 1638 2145 ct
1669 2096 1742 2146 coco
1773 2099 1792 2144 a
1826 2073 1992 2168 preteritos
2028 2075 2173 2170 quinque

764 2226 864 2275 annos
888 2203 1139 2274 cotamotooimos
1160 2203 1244 2274 cobis
1266 2201 1420 2296 stephano
1443 2211 1476 2273 ct
1497 2199 1635 2274 iohanne
1658 2199 1817 2298 germanis
1839 2201 1914 2274 filiis
1929 2203 2092 2297 quondam
2115 2224 2173 2296 pa-

764 2329 866 2402 lumbi
902 2339 935 2402 et
969 2329 1107 2423 quedam
1135 2327 1305 2401 beudmiao
1339 2327 1498 2422 iugalibus
1521 2349 1729 2423 personarum
1753 2327 1984 2401 bavitatoribus
2008 2339 2115 2400 autem
2139 2328 2174 2398 in

762 2454 835 2524 loco
858 2453 916 2548 qui
939 2459 1073 2522 vocatur
1095 2449 1307 2544 pumilionum
1319 2453 1398 2544 soris
1414 2473 1526 2524 orooro
1551 2452 1673 2525 dudum
1699 2451 1905 2546 aqueductus.
1928 2451 2020 2521 illest
2035 2452 2074 2522 dc
2089 2457 2173 2521 terra

763 2587 869 2649 nostra
894 2601 958 2673 que
981 2585 1115 2650 vocatur
1142 2577 1247 2649 cesina
1269 2575 1373 2672 posita
1402 2578 1536 2650 veroin
1560 2579 1672 2652 eodem
1703 2579 1775 2650 loco
1803 2575 2015 2672 pumilianum
2038 2576 2101 2647 boc
2125 2585 2173 2647 est

764 2707 895 2796 aparte
919 2699 1089 2773 occidentis
1096 2747 1379 2773 .............
1387 2701 1671 2774 commutationem
1687 2699 2053 2794 recompensationisque
2076 2719 2173 2769 ame-

762 2827 869 2924 pimus
892 2851 910 2898 a
933 2845 991 2896 vos
1014 2827 1135 2920 integra
1158 2847 1221 2896 una
1245 2827 1328 2919 petia
1348 2824 1389 2895 de
1406 2837 1490 2898 terra
1506 2834 1611 2898 vestra
1633 2849 1698 2922 que
1720 2833 1854 2897 vocatur
1879 2843 2028 2916 campum
2051 2817 2173 2892 maiore

761 2954 863 3046 posita
878 2973 956 3024 vero
972 2953 1006 3022 in
1021 2931 1198 3025 memorato
1215 2953 1282 3024 loco
1292 2953 1505 3046 pumilionum
1512 2994 1665 3024 .......
1672 2971 1748 3022 nem
1764 2951 1805 3022 do
1820 2949 1872 3021 die
1887 2947 1920 3018 in
1932 2948 1984 3020 dio
1998 2949 2173 3020 secundum

761 3079 936 3154 humanam
958 3079 1158 3172 neglegentia
1171 3077 1304 3152 minime
1316 3079 1400 3151 inter
1416 3087 1521 3174 partes
1537 3078 1653 3150 exinde
1666 3077 1808 3149 chartule
1831 3075 1923 3147 nobis
1946 3077 2094 3148 fecimus.
2106 3127 2118 3146 .
2132 3123 2167 3146 ..

761 3247 778 3275 1·
793 3257 803 3281 .
819 3257 827 3272 .
843 3203 1011 3278 iohannes
1035 3205 1143 3278 umilis
1164 3225 1344 3300 ygumenus
1367 3206 1536 3278 memorati
1559 3205 1743 3278 monasterii
1765 3213 1948 3276 sanctorum
1970 3203 2118 3275 theodori
2142 3215 2175 3275 et

762 3330 929 3404 sebastiani
952 3331 1008 3426 qui
1033 3331 1207 3425 appellatur
1230 3333 1384 3424 casapicta
1414 3331 1511 3401 situm
1537 3333 1570 3403 in
1600 3331 1752 3403 viridario
1774 3353 1837 3400 una
1862 3353 1937 3402 cunr
1961 3347 2071 3401 coacto
2094 3353 2171 3401 coa-

762 3457 939 3548 prcpotc'oae
953 3453 1183 3528 monachorum
1207 3458 1377 3528 memorati
1401 3453 1500 3526 sancti
1523 3464 1555 3526 et
1578 3455 1767 3527 venerabilis
1790 3457 1890 3526 nostri
1910 3455 2093 3526 monasterii
2117 3477 2174 3547 per

762 3577 845 3650 banc
879 3577 1057 3654 chartulam
1088 3579 1313 3651 confirmamus
1347 3579 1453 3673 adque
1477 3579 1664 3652 tradidimus
1695 3579 1787 3650 vobis
1819 3587 1997 3650 memorato
2021 3577 2175 3672 stephano

762 3708 795 3770 et
821 3701 951 3772 iohanni
979 3724 1045 3774 utto
1070 3725 1141 3774 oum
1170 3702 1335 3798 volumtate
1359 3701 1497 3796 presenti
1523 3709 1698 3774 memorate
1724 3702 1873 3775 beufimie
1893 3701 2040 3796 genitrici
2056 3709 2172 3772 tertre.

761 3827 853 3897 illest
875 3825 980 3920 ipsum
1005 3828 1045 3898 de
1067 3835 1243 3900 memorata
1265 3836 1350 3900 terra
1373 3837 1481 3902 nostra
1504 3852 1568 3926 que
1596 3839 1730 3902 vocatur
1752 3831 1856 3902 cesina
1885 3829 1948 3900 boc
1971 3837 2018 3900 est
2042 3855 2060 3898 a
2084 3837 2174 3922 parto

760 3951 955 4026 hoccidentis
978 3953 1082 4048 posita
1106 3977 1184 4027 vero
1191 4000 1511 4026 ..............
1523 3975 1533 4026 ’.
1548 4009 1557 4027 .
1571 3979 1652 4030 .una
1677 3979 1752 4028 cum
1776 3955 1943 4030 cruoribus
1960 3965 1992 4028 ct
2006 3956 2174 4026 introilum

761 4099 857 4148 suum
881 4077 1102 4172 omnibmque.
1127 4079 1188 4150 sivi
1211 4080 1451 4173 pertinentibus.
1475 4079 1653 4152 Cobercnte
1676 4081 1737 4154 sivi
1760 4081 1824 4152 hoc
1854 4095 2013 4177 qnantum
2038 4105 2080 4154 cx
2103 4081 2171 4174 ipsa

761 4213 846 4270 terra
860 4211 967 4270 nostra
980 4200 1072 4271 vobis
1096 4203 1365 4274 comanotooiotus.
1379 4253 1387 4272 .
1402 4249 1411 4271 .
1426 4212 1533 4298 parte
1557 4203 1712 4275 horientis
1734 4203 1897 4298 reliquum
1921 4230 1963 4276 cx
1996 4205 2064 4299 ipsa
2089 4214 2172 4275 terra

762 4329 872 4392 nostra
896 4344 995 4416 quam
1010 4321 1045 4394 in
1067 4330 1174 4396 nostra
1198 4325 1431 4396 reservavimus
1454 4331 1643 4417 potestatem
1666 4325 1759 4396 sicuti
1777 4328 1860 4400 inter
1881 4348 1916 4399 so
1939 4328 2091 4398 termines
2105 4349 2172 4420 po·

760 4448 883 4525 suimus
907 4447 1046 4520 liniendo
1070 4459 1101 4519 ct
1124 4448 1213 4520 babet
1236 4449 1282 4518 ibi
1304 4450 1341 4518 de
1365 4449 1530 4520 latitudine
1548 4471 1654 4540 passos
1676 4451 1958 4544 septuagintaocto.
1986 4463 2017 4523 ct
2041 4476 2083 4522 ex
2106 4451 2169 4522 alio

761 4575 858 4647 latere
882 4587 972 4670 parte
994 4573 1191 4648 hoccidentis
1215 4575 1351 4648 fundum
1376 4577 1416 4646 de
1439 4576 1486 4646 illi
1502 4577 1542 4649 de
1557 4579 1716 4648 formonsa
1739 4589 1771 4649 et
1795 4579 1891 4650 babet
1905 4579 2024 4660 ibidem
2040 4581 2079 4650 de
2095 4579 2173 4650 lon-

760 4700 906 4792 gitudine
929 4723 1037 4795 passos
1061 4700 1240 4793 octoaginta
1242 4749 1550 4774 ..............
1559 4712 1648 4798 parte
1663 4705 1884 4798 septentrionis
1908 4716 1991 4776 terra
2015 4705 2171 4778 heredum

663 4912 664 4916 Ἰ
761 4821 1049 4922 ᾱοωίηἱοςτεςοτίἰ
1073 4822 1112 4892 de
1137 4821 1308 4896 cantellum
1331 4821 1468 4899 habento
1492 4825 1536 4896 ibi
1562 4825 1601 4898 de
1625 4825 1823 4918 latitudinem
1837 4852 1944 4924 pessos
1961 4830 2075 4926 viginti
2099 4841 2172 4906 tras,
