4876 6520
1428 627 1550 722 (¹⁶)

782 795 886 888 primu
910 803 942 865 et
965 794 1089 886 integre
1114 799 1199 862 terra
1223 811 1287 885 que
1310 785 1495 860 nominetur
1517 784 1555 855 ed
1571 782 1736 854 cuniolnm
1760 779 1862 874 posite
1881 779 1913 850 in
1930 786 2110 850 memorato
2131 779 2202 851 loco

785 919 890 990 ienole
915 941 979 988 une
1003 939 1077 986 cunr
1112 914 1238 1009 scapulo
1260 935 1317 984 sue
1341 921 1373 982 et
1396 909 1545 980 omnibus
1569 907 1615 978 eis
1637 905 1868 1002 pertinentibus
1899 901 1960 974 bec
1983 926 2062 974 vero
2097 908 2203 996 portio

784 1049 887 1139 prime
911 1069 985 1118 cum
1010 1044 1178 1115 arboribus
1200 1052 1233 1112 et
1256 1043 1412 1112 iructores
1435 1061 1509 1108 suas
1525 1046 1557 1108 et
1572 1059 1647 1106 cnm
1662 1033 1809 1104 introites
1832 1055 1905 1103 suas
1926 1041 1958 1104 et
1972 1033 2125 1104 omnibus
2141 1036 2201 1106 sivi

783 1171 1014 1265 pertinentibus
1038 1167 1258 1258 tantummode
1281 1165 1387 1258 portio
1410 1163 1548 1234 secunde
1572 1161 1611 1230 de
1634 1168 1809 1242 memorate
1834 1168 1918 1230 terra
1933 1181 1998 1254 que
2016 1161 2199 1230 nominatur

785 1311 867 1376 terre
891 1296 1061 1389 longerie
1085 1295 1161 1364 dore
1183 1291 1299 1364 debeas
1323 1292 1363 1364 erl
1386 1291 1446 1361 iste
1470 1289 1616 1382 portione
1639 1287 1743 1380 prima
1767 1311 1826 1381 per
1849 1297 1956 1357 extare
1986 1297 2020 1358 et
2044 1310 2100 1380 per
2125 1290 2201 1362 ben-

784 1419 904 1492 demins
927 1441 1000 1487 cum
1025 1437 1153 1485 cerrum
1176 1424 1307 1486 etcum
1331 1413 1420 1484 omni
1443 1436 1501 1484 sue
1525 1413 1696 1491 utilitatem
1712 1423 1744 1486 et
1760 1436 1818 1506 per
1840 1412 2041 1487 bornoticum
2057 1415 2110 1484 bin
2127 1418 2202 1488 dare

784 1549 896 1618 debeas
919 1567 993 1616 cum
1017 1544 1116 1615 bobes
1140 1533 1223 1614 iunti
1245 1565 1349 1637 usque
1373 1551 1406 1612 et
1427 1541 1497 1636 ipse
1520 1541 1667 1635 portione
1697 1563 1776 1612 suu:
1803 1549 1835 1611 ct
1860 1541 1979 1612 iterum
2007 1543 2112 1634 portio
2141 1565 2198 1612 se-

783 1676 885 1746 cunde
911 1675 951 1746 de
974 1681 1190 1748 memoratum
1213 1670 1350 1742 fundum
1372 1669 1431 1764 qui
1454 1677 1502 1741 est
1520 1677 1642 1764 operto
1664 1668 1837 1740 occidentis
1860 1667 1913 1740 riu
1936 1669 2012 1742 dere
2028 1669 2143 1748 debeas
2160 1673 2200 1743 nd

786 1803 845 1872 iste
869 1801 1017 1895 portione
1040 1799 1144 1892 primo
1168 1822 1210 1869 ex
1233 1797 1341 1891 ipsum
1363 1797 1499 1868 fundum
1522 1817 1598 1866 oum
1622 1796 1782 1868 omnisne
1799 1796 1989 1870 utilitatem:
2011 1799 2200 1874 nrbnrvero

785 1937 818 1997 et
839 1929 996 1996 fruotores
1020 1923 1053 1992 in
1077 1922 1169 1996 cuius
1192 1921 1339 2016 portione
1363 1922 1458 2014 pedes
1481 1921 1622 1993 tenueris
1644 1921 1712 2013 ipsu
1735 1920 1842 2014 portio
1865 1921 1891 1992 si
1901 1971 2197 2000 .............

783 2053 925 2145 frugiere
949 2049 1063 2121 debens
1086 2071 1225 2142 cumque
1249 2047 1295 2118 eis
1317 2069 1483 2120 necessum
1507 2047 1625 2118 fuerim
1652 2045 1771 2138 legatio
1794 2045 1836 2116 de
1859 2046 2049 2141 dispositum
2073 2050 2113 2122 dc
2137 2075 2203 2124 me-

785 2179 918 2250 moretis
941 2177 1102 2270 iugalibus
1133 2175 1333 2268 genitoribus
1364 2173 1445 2246 meis
1469 2172 1549 2244 nbiis
1572 2172 1686 2244 vestris
1709 2179 1742 2242 et
1765 2171 1827 2244 elia
1850 2171 1969 2266 legatio
1993 2175 2033 2246 de
2056 2175 2203 2250 chartule

784 2329 849 2398 que
873 2305 947 2374 iecit
970 2311 1149 2374 memorato
1173 2301 1305 2372 domino
1329 2299 1434 2391 sergio
1458 2296 1596 2391 genitori
1620 2319 1693 2368 meo
1709 2297 1782 2368 ebio
1805 2305 1913 2368 vestro
1936 2307 1974 2368 ut
1995 2301 2138 2372 continet
2161 2305 2203 2373 sit

781 2429 865 2500 inter
887 2426 979 2497 nobis
994 2427 1159 2518 nessusque
1174 2425 1335 2496 suerum
1353 2423 1462 2496 firmas
1488 2423 1641 2499 exstabile
1664 2425 1698 2494 in
1721 2435 1934 2520 perpetuum:
1957 2425 1985 2498 si
2006 2425 2079 2520 quis
2094 2441 2201 2502 eutem

782 2564 815 2626 et
831 2577 889 2625 nos
899 2562 954 2624 eut
966 2554 1006 2624 de
1019 2551 1190 2622 heredibus
1199 2551 1314 2622 nostris
1329 2551 1447 2645 qnobis
1462 2561 1607 2646 tempore
1623 2561 1733 2628 contm
1748 2551 1832 2626 benc
1846 2555 2022 2627 demtulom
2036 2557 2202 2628 divisionis

782 2694 820 2754 ut
835 2702 931 2774 super
945 2681 1064 2772 legitur
1077 2679 1188 2750 benirc
1212 2679 1425 2775 quesierimus
1437 2701 1496 2773 per
1512 2679 1629 2774 quobis
1643 2681 1777 2752 modum
1792 2689 1848 2753 ent
1862 2682 2039 2754 summissis
2055 2682 2200 2776 personis

781 2817 858 2876 tunc
873 2827 1028 2898 compono
1053 2826 1126 2897 pars
1149 2804 1251 2896 ipsius
1274 2803 1410 2875 infidelis
1434 2815 1466 2874 et
1488 2802 1555 2874 suis
1577 2801 1750 2876 heredibus
1765 2813 1798 2874 et
1814 2814 1904 2898 perte
1926 2805 2024 2876 fidem
2047 2803 2202 2876 sorbentis
2231 2807 2239 2820 “

781 2935 914 3028 eiusque
937 2932 1110 3008 heredibus
1133 2932 1205 3002 euri
1227 2932 1346 3004 solidos
1369 2931 1502 3023 triginta
1525 2955 1584 3006 sex
1608 2931 1811 3025 bytbieoteos
1826 2933 1931 3005 etbec
1946 2933 2070 3008 merissi
2085 2944 2123 3004 ut
2146 2961 2201 3008 su-

779 3083 839 3154 per
861 3059 980 3154 legitur
994 3059 1036 3128 sit
1058 3059 1150 3130 firme
1174 3060 1290 3152 scripte
1314 3077 1372 3150 per
1395 3081 1509 3130 monus
1530 3057 1614 3151 petri
1629 3059 1794 3152 scriptoris
1811 3060 1968 3154 discipulo
1985 3061 2109 3134 domini
2126 3087 2202 3158 gre·
2303 3075 2307 3082 '

781 3185 865 3280 gorii
888 3184 1001 3256 curiali
1016 3192 1049 3255 et
1072 3183 1229 3256 scriniarii
1252 3208 1311 3279 per
1333 3199 1509 3258 memorate
1533 3185 1658 3256 decime
1681 3185 1855 3260 indictione
1879 3186 1911 3280 †

875 3308 983 3404 †boo
998 3310 1128 3402 signum
1140 3305 1170 3402 †
1184 3330 1298 3380 manus
1314 3308 1482 3384 memorati
1495 3309 1605 3402 sergii:
1623 3309 1752 3400 signum
1765 3309 1797 3404 †
1812 3334 1927 3384 monus
1941 3325 2116 3386 memorate
2132 3339 2201 3388 ms·

780 3437 828 3508 ric
861 3447 892 3508 et
916 3429 1095 3518 memornto
1119 3436 1271 3529 gregorio
1295 3459 1352 3506 seu
1376 3445 1409 3507 et
1432 3443 1609 3510 memorate
1632 3457 1715 3506 enne
1738 3435 1872 3508 bonestn
1893 3439 2046 3531 pbemin'e
2068 3445 2201 3518 uterinis

779 3564 938 3656 germanis
961 3573 997 3636 tu
1021 3575 1195 3636 memorate
1219 3564 1320 3636 morin
1344 3583 1421 3634 cum
1443 3585 1633 3634 consensum
1657 3566 1825 3634 memorati
1843 3565 1940 3657 sergii
1957 3566 2021 3640 viri
2043 3569 2095 3639 sui
2109 3573 2198 3663 quod

779 3711 839 3780 ego
863 3686 921 3780 qui
945 3695 1139 3758 memoratos
1163 3683 1202 3755 ub
1226 3709 1302 3756 eum
1326 3693 1458 3778 rogetus
1483 3707 1542 3777 pro
1567 3685 1614 3757 eis
1643 3685 1813 3780 subscripsi
1838 3683 1868 3780 †
1893 3699 1925 3758 et
1955 3688 2019 3760 boc
2041 3695 2197 3764 recordati

778 3837 890 3894 sumus
913 3813 991 3908 quie
1023 3813 1127 3906 tetigit
1151 3813 1184 3882 in
1208 3812 1267 3883 iste
1298 3813 1445 3906 portione
1476 3813 1580 3905 prime
1604 3821 1636 3884 et
1659 3815 1808 3906 portione
1831 3813 1871 3885 de
1895 3815 2092 3908 plumentum
2121 3841 2196 3894 cum

777 3939 987 4011 suscetorium
1013 3962 1109 4010 suum
1124 3961 1189 4034 que
1205 3937 1421 4010 communiter
1444 3937 1575 4014 uberum
1589 3961 1666 4012 nun
1681 3940 1819 4010 rotunde
1835 3951 1867 4010 et
1884 3940 2022 4013 iohanne
2045 3943 2195 4015 exedcltis

776 4065 936 4157 germanis
959 4065 1039 4137 meis
1062 4065 1138 4136 tbiis
1161 4065 1276 4136 vestris
1299 4060 1378 4157 ††
1401 4087 1464 4156 ego
1488 4063 1643 4136 iohannes
1666 4065 1803 4158 scriptor
1827 4065 2000 4160 subscripsi
2023 4065 2054 4160 †
2106 4133 2110 4140 .

871 4187 987 4282 †ogo
1011 4195 1120 4278 petrus
1143 4186 1227 4256 tilius
1251 4185 1373 4256 domini
1405 4183 1553 4254 iohannis
1585 4196 1717 4278 rogetus
1741 4213 1761 4258 o
1784 4189 2012 4284 suprascriptos
2044 4213 2196 4282 personis

775 4313 847 4388 testi
870 4311 1042 4404 subscripsi
1065 4309 1096 4404 †

866 4432 1009 4527 †ur0
1035 4411 1093 4506 ib
1116 4439 1297 4506 <umore
1321 4412 1382 4503 ΚΝ
1406 4435 1541 4502 neser
1563 4439 1794 4513 sorssorc
1815 4443 1844 4510 A
1867 4417 1996 4510 c'c'r‘fc
2026 4443 2195 4509 nereo-

772 4572 854 4636 urc
883 4569 1009 4643 rectu
1031 4535 1142 4629 ‹ur-'rb
1165 4553 1197 4648 †

865 4685 991 4784 †Epo
1015 4687 1169 4768 iohannes
1200 4684 1338 4776 scriptor
1372 4697 1503 4778 rogatus
1528 4712 1547 4756 e
1569 4683 1800 4784 suprascriptos
1823 4663 1976 4779 personne
2007 4691 2080 4762 testi
2112 4689 2189 4763 sub-

774 4817 885 4912 scripsi
909 4811 940 4909 †

1352 4978 1595 5014 ‘mm’-
