4876 6520
879 1666 1078 1740 CLXXXIII.
1127 1733 1132 1742 ,

366 1985 472 2140 †Ie
494 2042 772 2116 nomenniomen
795 2042 849 2116 su
871 2043 1041 2118 sareanen
1063 2045 1165 2116 nutu
1180 2043 1276 2116 neu
1298 2041 1420 2117 nores
1435 2042 1615 2140 mpuue
1637 2045 1700 2120 n»
1767 2057 1822 2108 an.

272 2170 362 2246 mino
385 2181 496 2242 nostro
519 2170 633 2244 basilio
664 2193 784 2264 magno
810 2171 1007 2264 Imperatore
1039 2193 1124 2244 anno
1147 2171 1302 2246 ucesimo
1323 2170 1430 2264 primo
1460 2176 1517 2248 ead
1547 2183 1582 2248 et
1612 2195 1698 2248 eon.
1744 2167 1831 2232 981.

274 2299 412 2370 stantino
435 2320 553 2392 magno
576 2298 771 2392 imperatore
795 2319 880 2370 anno
901 2297 1166 2372 hoetnbodeeimo
1187 2301 1239 2373 die
1252 2301 1425 2376 undecima
1446 2299 1566 2376 mensis
1587 2302 1706 2376 martii
1766 2391 1819 2437 s

273 2425 447 2499 indictione
470 2449 555 2498 nona
577 2425 725 2520 neapoli:
751 2427 882 2498 Certum
905 2435 953 2500 est
975 2449 1034 2500 nos
1056 2428 1212 2522 stephano
1234 2435 1269 2500 et
1291 2427 1435 2520 aligerno
1457 2428 1593 2500 uterinis
1615 2451 1698 2522 ger·

272 2550 376 2624 manis
399 2550 473 2622 filiis
496 2550 661 2644 qnondam
685 2549 810 2620 domini
833 2549 965 2620 iohanni
989 2573 1055 2620 una
1077 2571 1154 2622 enm
1176 2570 1335 2620 consensu
1358 2549 1489 2622 domina
1512 2551 1613 2622 marin
1628 2552 1697 2626 ho-

274 2686 364 2748 nesta
386 2672 504 2746 femina
527 2673 682 2766 genitrioe
714 2681 847 2742 nostra:
872 2672 904 2740 A
925 2671 1066 2762 presenti
1090 2669 1142 2744 die
1165 2671 1384 2766 promittimus
1407 2673 1465 2746 tibi
1490 2675 1606 2770 angelo
1629 2677 1698 2750 lilio

273 2799 438 2894 qnondam
462 2797 517 2870 odi
541 2797 679 2868 abitator
707 2796 742 2868 in
771 2796 845 2868 loeo
876 2795 934 2890 qui
966 2795 1151 2870 nominatur
1174 2821 1246 2870 cesa
1269 2821 1366 2870 aurea
1390 2799 1539 2874 raviosar
1565 2810 1698 2897 propter

276 2923 401 3018 integre
425 2923 506 2996 dues
528 2929 619 3015 parte
644 2921 684 2992 de
707 2931 791 2992 terra
815 2929 925 2991 nostra
947 2945 1013 3015 que
1028 2923 1221 3026 nominatur
1243 2925 1437 2998 desumeruli
1458 2925 1562 3020 posita
1585 2936 1618 2998 at
1639 2950 1699 3021 pu·

276 3051 352 3122 dule
385 3049 443 3144 qui
477 3048 653 3119 indivisum
682 3045 824 3118 reinoent
854 3069 930 3120 cnm
952 3069 1019 3120 una
1041 3047 1136 3118 tertia
1156 3049 1197 3122 de
1220 3059 1307 3122 terra
1329 3059 1386 3123 tna
1409 3073 1475 3146 que
1498 3061 1535 3124 tu
1558 3075 1697 3147 compo·

276 3184 345 3242 rata
368 3172 466 3244 habes
488 3193 547 3264 per
569 3168 714 3242 chartule
736 3169 1005 3264 comparationiss
1030 3192 1096 3244 una
1118 3191 1197 3242 euna
1217 3173 1389 3246 erroribus
1413 3185 1446 3248 ot
1460 3175 1607 3250 introitu
1622 3199 1698 3252 suns

279 3308 313 3368 et
336 3298 485 3369 omnibus
509 3295 571 3366 sivi
605 3295 836 3389 pertinentibus
859 3305 892 3367 et
914 3295 1047 3370 noberet
1068 3297 1131 3370 sivi
1153 3298 1285 3370 insimul
1308 3299 1349 3370 eb
1375 3321 1443 3372 uno
1476 3301 1575 3374 latere
1608 3311 1696 3374 terra

278 3445 344 3517 qne
366 3421 551 3494 nominatur
573 3418 737 3492 enbalione
760 3421 927 3514 quomodo
949 3422 1086 3495 loesatus
1109 3422 1245 3494 minata
1262 3429 1296 3496 et
1311 3423 1352 3496 do
1366 3424 1431 3496 alio
1449 3424 1548 3498 latere
1564 3425 1697 3502 cubaret

274 3561 361 3624 terra
383 3549 570 3623 landellrida
593 3549 715 3621 iudices
739 3550 826 3622 etde
849 3570 916 3621 uno
938 3550 1042 3644 eapite
1065 3549 1195 3623 coheret
1217 3560 1304 3623 terra
1327 3553 1438 3646 papari
1453 3553 1640 3648 langobardi
1663 3565 1698 3628 et

279 3681 319 3752 dn
344 3679 409 3752 alio
432 3679 535 3772 eapite
559 3677 690 3748 ooberet
712 3687 798 3749 terra
821 3678 862 3750 de
885 3677 1047 3749 ominibus
1070 3679 1110 3752 de
1133 3660 1528 3774 putorauum'qnomodo
1559 3681 1697 3756 inustus

274 3809 407 3880 erfinat:
425 3827 506 3900 quas
527 3826 608 3876 rero
631 3813 822 3875 memoratas
846 3805 927 3876 duas
942 3813 1047 3896 partes
1071 3804 1112 3875 de
1134 3814 1312 3876 memorata
1341 3815 1443 3878 terras
1474 3805 1535 3876 tibi
1564 3805 1695 3900 tuisque

277 3930 452 4006 heredibus
475 3927 622 4000 dedimus
645 3937 679 3994 at
700 3925 951 4020 responsatieum
975 3925 1182 3996 detinendum
1204 3927 1239 3996 in
1262 3949 1303 3998 eo
1326 3949 1406 3996 vero
1429 3927 1560 4000 tinore:
1594 3939 1632 4000 nt
1662 3929 1698 4001 in

277 4071 333 4134 tun
365 4057 496 4152 tuisque
527 4052 700 4126 heredibus
722 4051 764 4122 sit
787 4059 943 4145 potestate
974 4049 1103 4123 tenendi
1126 4061 1160 4121 et
1183 4051 1368 4124 dominandi
1390 4073 1449 4123 seu
1476 4053 1639 4147 fugiend
1663 4065 1697 4128 et

276 4209 374 4284 super
396 4194 430 4256 te
452 4179 661 4274 recolligendi
684 4179 769 4250 unde
792 4176 881 4248 nulla
904 4185 995 4270 parte
1017 4176 1077 4248 tibi
1100 4177 1229 4272 tuisque
1252 4177 1424 4250 heredibus
1440 4202 1505 4250 non
1521 4203 1695 4276 queramus

276 4335 336 4409 per
357 4309 483 4382 nullum
506 4305 663 4376 modum:
690 4301 878 4374 tantumodo
900 4309 939 4372 tu
961 4307 994 4372 et
1016 4299 1188 4372 heredibus
1202 4300 1266 4371 tuis
1282 4301 1374 4372 nobis
1390 4303 1571 4398 nostrisque
1594 4303 1696 4376 here-

276 4440 371 4512 dibus
394 4437 472 4509 darn
488 4443 521 4506 et
537 4435 688 4505 atdueere
704 4427 845 4502 debeatis
860 4427 950 4500 omni
966 4449 1071 4499 nunna
1085 4427 1121 4498 in
1133 4437 1241 4499 sancte
1255 4428 1357 4500 marie
1371 4427 1412 4502 de
1427 4428 1696 4523 argentenensis

274 4564 358 4638 idest
378 4561 522 4633 triticum
545 4555 634 4628 bonu
657 4554 779 4626 siecum
801 4551 910 4624 modia
933 4552 998 4623 dua
1025 4559 1165 4622 tractum
1188 4563 1336 4646 paratum
1359 4575 1463 4649 usqne
1496 4565 1570 4628 ante
1603 4527 1696 4650 regia

277 4690 391 4765 domui
411 4695 522 4759 nostre
544 4690 766 4757 mensuratum
787 4692 820 4752 at
842 4677 990 4752 modium
1013 4677 1137 4752 iustum
1159 4679 1201 4752 de
1224 4681 1491 4754 commedendum
1511 4681 1582 4754 siue
1604 4681 1696 4754 omni

277 4809 538 4888 ammarieatione
560 4815 594 4878 et
615 4806 707 4876 omni
729 4827 836 4878 annue
859 4803 1009 4875 atdneero
1031 4799 1175 4873 debeatis
1197 4808 1235 4872 tu
1257 4808 1291 4872 et
1317 4799 1490 4874 heredibus
1512 4801 1579 4874 tuis
1601 4799 1695 4874 nobis

276 4938 458 5030 nostrisque
480 4926 653 5004 heredibus
676 4927 718 4998 da
739 4939 812 5020 post
833 4926 1012 5000 vindemias
1028 4947 1131 5019 nsque
1153 4924 1188 4996 in
1211 4924 1376 4998 natibitate
1391 4925 1514 4999 domini
1536 4925 1606 4998 sire
1628 4935 1694 4998 tres

276 5063 421 5165 palumbi
444 5067 500 5134 ant
523 5055 640 5150 viginti
661 5053 786 5127 mernle
808 5064 841 5126 et
863 5055 956 5127 ourdi
977 5055 1046 5128 sine
1069 5051 1160 5124 omni
1183 5051 1430 5137 amaricatione
1455 5061 1489 5128 at
1503 5073 1570 5126 non
1592 5052 1694 5127 abea.
