4906 6520
1384 629 1401 722 (
1428 623 1527 722 na)

1360 905 1571 980 ncmxvn.

637 1200 691 1250 an.
851 1171 883 1268 †
904 1175 945 1245 In
967 1172 1091 1244 manias
1112 1170 1235 1242 domim
1252 1168 1424 1242 undecimo
1439 1186 1524 1238 anno
1538 1163 1735 1260 principatus
1751 1163 1876 1237 domini
1893 1165 1997 1237 nestri
2013 1165 2173 1245 iebamsis.

616 1307 706 1374 994.
757 1308 791 1376 et
813 1307 905 1373 sexto
935 1319 1021 1368 anno
1052 1294 1251 1389 principatus
1281 1291 1408 1365 domini
1438 1289 1612 1386 guaimarii
1643 1288 1713 1362 uns
1737 1289 1824 1362 iilius
1847 1289 1984 1385 gloriosi
2007 1291 2173 1386 princibus

755 1449 865 1500 meme
888 1424 1023 1496 octuber
1037 1421 1150 1494 onuba
1166 1420 1349 1494 indictione.
1370 1421 1450 1492 dum
1466 1443 1524 1491 nos
1539 1427 1650 1514 petrus
1667 1441 1776 1491 comes
1792 1441 1933 1492 msemm
1948 1421 1984 1492 in
1999 1423 2173 1497 uncasteilo

755 1553 855 1628 inuri.
870 1604 880 1624 .
894 1601 903 1622 .
919 1553 1067 1624 aderant
1089 1551 1253 1645 iaquintns
1275 1549 1412 1622 clericus
1432 1557 1465 1620 et
1479 1549 1625 1620 notarius
1641 1549 1836 1622 advocatore
1853 1549 1893 1622 de
1910 1551 2118 1624 monasterio.
2141 1561 2174 1624 et

756 1677 827 1752 aliis
850 1679 944 1751 vonis
966 1676 1129 1748 ominibus
1153 1676 1211 1771 qui
1234 1673 1344 1746 subter
1360 1672 1487 1768 scripti.
1502 1723 1510 1742 .
1525 1723 1536 1746 .
1549 1681 1646 1746 ‚tunt
1661 1681 1734 1746 ante
1750 1683 1892 1746 nostmm
1909 1676 2070 1769 presentia
2084 1678 2174 1750 venit

758 1807 897 1880 deuteri.
922 1813 954 1877 et
976 1803 1070 1898 petri.
1101 1811 1134 1873 et
1159 1801 1261 1872 ioffrit
1283 1799 1428 1893 germani
1452 1799 1517 1872 viri
1540 1807 1574 1872 et
1595 1798 1655 1870 filii
1677 1799 1780 1870 ciciri.
1814 1823 1873 1872 seu
1896 1809 1930 1873 et
1953 1799 2115 1874 iohannis.
2142 1811 2173 1874 et

757 1930 912 2004 ferrandn
935 1927 995 1999 filii
1017 1925 1138 1998 maiolfi
1160 1935 1193 1998 et
1216 1926 1360 1998 adelferii
1386 1926 1473 1998 filius
1495 1924 1645 1997 iohannis
1675 1934 1709 1996 et
1737 1933 1810 2018 post
1839 1926 1886 1996 eis
1917 1927 2006 1998 venit
2037 1927 2171 2000 domino

758 2057 914 2128 iohannes
935 2051 1126 2124 benerabilis
1153 2051 1259 2122 abbas.
1292 2050 1489 2144 gubernator
1511 2059 1544 2120 et
1567 2059 1674 2123 rector
1704 2047 1745 2119 de
1768 2049 1962 2120 monasterio
1984 2057 2093 2121 sancte
2117 2050 2172 2124 dei

759 2181 923 2275 genitricis
947 2179 1082 2272 virginis
1105 2179 1207 2250 marie
1231 2177 1289 2272 qui
1313 2177 1483 2248 fundatum
1505 2199 1574 2248 esse
1598 2175 1774 2248 dinoscitur
1798 2177 1839 2248 ad
1863 2175 1951 2248 illam
1974 2187 2099 2248 turrem
2115 2199 2171 2250 sn·

758 2331 818 2402 per
841 2305 945 2376 ercica
969 2306 1009 2376 ad
1031 2304 1133 2397 ipsam
1157 2271 1343 2396 speluncam
1366 2303 1400 2374 in
1424 2311 1534 2386 monto
1556 2325 1712 2376 vesuveo.
1738 2325 1895 2374 unacum
1919 2303 2085 2399 iaquintus
2109 2305 2174 2378 cle·

757 2433 846 2505 ricus
868 2441 902 2506 et
923 2429 1077 2508 notarius.
1101 2431 1275 2502 advocator
1299 2429 1339 2502 de
1362 2429 1434 2524 ipso
1456 2451 1549 2500 sacro
1572 2439 1606 2502 et
1628 2433 1797 2502 venerabili
1821 2433 2015 2503 monasterio
2030 2440 2063 2505 et
2079 2454 2176 2514 causa¹

758 2563 950 2651 receperunt
973 2555 1125 2626 adversus
1148 2553 1226 2646 ipsis
1249 2554 1427 2646 germanis.
1442 2617 1448 2624 .
1466 2555 1679 2626 ....ordine
1703 2563 1827 2626 teneret
1850 2579 1953 2626 unum
1976 2555 2172 2628 inser-tetum.

759 2693 792 2756 et
814 2683 1012 2778 ponticetum
1035 2690 1068 2752 et
1091 2681 1280 2773 quercietum
1302 2689 1335 2750 et
1358 2704 1434 2750 eum
1459 2681 1529 2752 aliis
1553 2681 1722 2752 arboribus
1743 2704 1810 2753 uno
1825 2682 2008 2754 tenientem.
2023 2683 2059 2754 in
2075 2685 2173 2779 qnin-

760 2809 875 2880 decim.
908 2809 942 2879 in
970 2809 1046 2878 locu
1077 2807 1135 2877 ubi
1165 2805 1337 2900 proprium
1359 2806 1546 2877 nominatur
1574 2807 1609 2877 in
1633 2815 1742 2880 monte
1765 2811 1806 2880 de
1829 2811 2007 2903 peranianu
2029 2833 2089 2903 per
2111 2808 2171 2880 bec

760 2937 839 3010 fines
863 2938 904 3009 de
918 2959 984 3008 uno
999 2935 1066 3006 latu
1082 2935 1153 3006 finis
1176 2942 1287 3006 monte
1310 2934 1350 3006 de
1373 2934 1431 3004 illo
1446 2935 1635 3030 presbytero
1653 2945 1686 3006 et
1708 2937 1772 3008 fine
1795 2937 1926 3008 deredes
1950 2937 2107 3008 teuderici
2132 2935 2174 3010 de

760 3087 855 3135 sarno
878 3065 936 3158 qui
961 3061 1135 3133 offerutum
1157 3061 1282 3132 habunt
1304 3061 1339 3134 in
1362 3063 1467 3134 insula
1490 3061 1659 3134 rubiliana.
1684 3063 1746 3135 alia
1761 3086 1924 3159 quamque
1941 3075 2031 3158 parte
2056 3065 2119 3138 fine
2134 3067 2174 3138 de

760 3169 977 3282 superscripto
1002 3197 1112 3257 sancto
1137 3187 1334 3261 monasterio
1357 3188 1397 3258 de
1421 3187 1489 3280 ipsa
1513 3189 1675 3285 spelunca.
1700 3189 1911 3262 descendente
1934 3191 2091 3262 directum
2115 3215 2173 3286 per

761 3317 824 3410 ipsi
847 3313 954 3386 arbori
980 3315 1078 3384 taiati.
1101 3315 1266 3408 quomodo
1292 3313 1354 3406 ipsi
1377 3313 1508 3384 termini
1531 3315 1597 3386 ficti
1604 3365 1804 3391 .........
1812 3317 1846 3389 in
1874 3318 1946 3410 ipsu
1970 3317 2073 3390 limite
2096 3327 2173 3389 tvn-

761 3443 904 3516 bensum.
926 3443 983 3535 qui
1007 3451 1055 3512 est
1077 3441 1162 3511 inter
1185 3441 1282 3512 rebus
1305 3442 1346 3512 da
1369 3439 1441 3535 ipso
1464 3443 1662 3513 monasterio
1686 3443 1725 3514 de
1748 3443 1862 3516 subtus
1886 3445 1949 3516 fine
1973 3445 2089 3516 derede
2114 3469 2174 3516 an·-

762 3569 838 3662 geli.
863 3579 895 3639 et
918 3565 1020 3637 ciciri.
1044 3567 1084 3637 de
1108 3573 1244 3659 supteno
1267 3568 1339 3660 capi
1349 3615 1451 3640 .....
1474 3566 1576 3640 limite
1597 3569 1730 3640 maiore.
1754 3570 1891 3664 desuper
1914 3573 2019 3665 capite
2043 3571 2107 3643 fine
2130 3572 2171 3644 de

762 3695 903 3766 sarnensi
927 3693 1112 3764 bominibus
1136 3715 1198 3786 ego
1222 3703 1331 3763 autem
1354 3691 1566 3785 interrogabit
1589 3693 1667 3788 ipsis
1691 3694 1853 3786 germanis
1877 3693 1950 3789 quit
1977 3695 2095 3768 exinde
2119 3696 2171 3766 di-

763 3831 859 3892 ceret.
882 3821 930 3892 illi
956 3829 1064 3890 autem
1087 3817 1213 3888 dicebat
1231 3801 1273 3886 'ut
1296 3817 1393 3889 rebus
1416 3817 1456 3888 de
1480 3818 1551 3912 ipso
1565 3818 1761 3888 monasterio
1776 3841 1843 3888 non
1859 3827 1980 3890 teneret
1996 3829 2103 3912 preter
2120 3819 2172 3890 di·

762 3947 853 4019 cebat
876 3956 914 4018 ut
935 3945 1032 4016 rebus
1056 3967 1129 4014 suas
1146 3952 1320 4015 teneneret.
1335 3953 1367 4013 et
1380 3943 1484 4038 ipsam
1507 3943 1604 4015 rebus
1619 3967 1695 4014 cum
1710 3943 1908 4015 insertetum.
1925 3954 1958 4016 et
1972 3945 2172 4039 ponticetunr

763 4085 800 4145 et'
820 4073 1022 4165 quercietum
1045 4093 1112 4140 uno
1135 4068 1311 4138 tenientem
1343 4091 1401 4161 per
1430 4069 1498 4161 ipse
1522 4067 1593 4139 finis
1616 4075 1653 4144 ut
1675 4067 1818 4142 diximus
1842 4067 1967 4140 dicebat
1991 4071 2059 4164 ipse
2083 4071 2172 4140 dau-

762 4196 852 4266 ferii.
883 4202 916 4264 et
938 4194 999 4286 ipsi
1017 4192 1167 4284 'germani
1189 4203 1222 4262 et
1245 4190 1387 4263 consorti
1411 4192 1459 4262 tui
1482 4201 1519 4262 ut
1541 4215 1600 4285 per
1623 4201 1832 4285 parentorum
1855 4202 1887 4262 et
1909 4215 1967 4286 per
1990 4193 2171 4286 possessio-

761 4345 835 4392 nem
858 4321 947 4390 iliam
970 4329 1102 4392 teneret.
1127 4343 1267 4417 cumque
1301 4342 1364 4413 ego
1392 4319 1591 4413 supradictus
1615 4340 1722 4388 comes
1751 4318 1826 4388 talia
1859 4317 1999 4388 audisset
2033 4317 2175 4389 iudicabi

763 4447 867 4542 adque
890 4449 974 4518 inter
997 4469 1031 4520 se
1039 4495 1238 4518 .........
1258 4447 1334 4518 dare
1357 4446 1433 4516 fecit
1457 4455 1493 4516 ut
1516 4445 1599 4514 iusta
1622 4445 1727 4536 legem
1751 4445 1872 4516 iuraret
1894 4445 1963 4538 ipse
1987 4445 2110 4517 danseri
2133 4445 2175 4516 ad

761 4573 814 4646 dei
837 4572 1001 4665 evangelia
1026 4581 1062 4640 ut
1084 4596 1143 4666 per
1165 4593 1265 4642 annos
1288 4570 1421 4662 triginta
1445 4569 1517 4642 ilios
1540 4571 1702 4640 tenuisset.
1727 4579 1760 4640 et
1782 4569 1988 4643 dominanset.
2015 4580 2089 4665 post
2112 4569 2176 4640 boc

760 4700 881 4770 iactum
918 4707 1076 4768 venerunt
1106 4697 1184 4790 ipsis
1216 4695 1361 4789 germani
1395 4694 1519 4767 dauferi
1551 4709 1584 4765 et
1606 4697 1699 4790 petri.
1729 4707 1762 4766 et
1785 4695 1945 4767 iohannis.
1972 4707 2005 4766 et
2029 4696 2171 4768 adeiieri.

761 4849 836 4898 cum
859 4827 1100 4896 sacramentales
1124 4847 1208 4894 suos.
1232 4831 1265 4891 et
1288 4823 1355 4916 ipse
1380 4821 1513 4893 domino
1537 4823 1691 4894 iohannes
1714 4822 1904 4894 benerabilis
1921 4823 2026 4895 abbas.
2042 4847 2088 4918 qu
2104 4825 2176 4918 ipso

760 4956 922 5052 iaquintus
945 4957 1092 5030 clericus.
1124 4963 1158 5024 et
1188 4952 1330 5024 notarius
1356 4951 1527 5024 advocator
1550 4952 1590 5024 de
1614 4952 1684 5044 ipso
1707 4953 1913 5025 monasterio.
1941 4963 1973 5024 et
1997 4975 2074 5026 cum
2098 4975 2169 5023 ma-
