4876 6520
1389 641 1510 736 ‹02›

739 805 824 900 ipsas
846 804 1000 877 homnem
1024 825 1158 876 suorum
1182 803 1333 874 fundoras
1346 811 1389 906 et
1411 808 1511 873 terras
1541 795 1714 870 memorati
1746 791 1871 888 aliperti
1903 795 2099 888 pertinentes
2124 799 2168 872 ud

739 957 836 1028 super
859 931 1002 1005 diximus
1025 943 1073 1004 set
1097 931 1247 1003 dicebatis
1279 939 1316 1000 ut
1344 925 1411 1000 sola
1443 947 1613 1021 personam
1642 923 1812 994 memorati
1844 922 1972 1017 aliperti
1996 927 2163 997 extundati

736 1060 855 1154 hospiti
880 1069 989 1130 nostro
1013 1061 1052 1130 de
1077 1065 1257 1128 memorato
1280 1056 1354 1128 loco
1378 1055 1514 1125 casalem
1538 1053 1580 1133 ad
1602 1050 1648 1123 eis
1672 1051 1823 1144 inpartita
1849 1051 2010 1122 dediscat:
2036 1055 2076 1125 de
2101 1078 2166 1149 qun

734 1187 1024 1258 multaltereazione
1047 1181 1164 1254 exinde
1185 1184 1270 1254 inter
1292 1203 1351 1252 nos
1375 1179 1525 1251 abuimns
1548 1175 1646 1250 modo
1669 1200 1750 1248 vero
1773 1173 1952 1272 iudicatum
1975 1187 2024 1250 cst
2048 1181 2164 1252 exinde

735 1313 819 1384 inter
841 1333 901 1380 nos
923 1310 958 1378 in
981 1307 1164 1400 publicum:
1189 1305 1236 1375 ud
1259 1304 1382 1375 iuraret
1404 1325 1479 1396 pars
1501 1311 1623 1374 vestras
1645 1301 1739 1374 nohis
1763 1313 1795 1374 et
1818 1301 1927 1372 dicere
1951 1301 2029 1396 quia
2052 1327 2162 1398 quan·
2185 1323 2187 1330 ’

734 1439 842 1529 doque
874 1433 1051 1504 dihiserunt
1081 1429 1165 1500 inter
1196 1453 1230 1500 se
1262 1427 1432 1500 memorati
1461 1426 1598 1498 exadelti
1629 1427 1790 1520 germanis
1814 1427 1879 1498 this
1903 1436 1937 1497 et
1960 1429 2160 1522 genitoribus

733 1559 851 1632 nostris
874 1561 914 1631 de
938 1558 1124 1630 memoratis
1147 1556 1326 1651 hospitibus
1349 1555 1467 1627 nostris
1490 1555 1532 1626 de
1554 1563 1737 1626 memorato
1759 1554 1835 1625 loco
1859 1553 1998 1627 casalem
2014 1565 2051 1626 ut
2066 1579 2163 1651 super

733 1683 852 1777 iegitur
866 1705 932 1754 non
948 1683 1036 1754 dedit
1058 1689 1239 1752 memorato
1262 1679 1401 1774 genitori
1416 1689 1525 1752 vestro
1540 1678 1581 1749 ad
1597 1679 1643 1750 eis
1658 1678 1807 1772 inpartita
1827 1679 1959 1750 iiiormn
1982 1693 2160 1754 memorato

733 1810 856 1905 alperto
879 1811 1055 1882 extundato
1077 1817 1189 1878 nostro
1216 1831 1292 1879 eum
1314 1808 1384 1902 ipsa
1410 1829 1545 1878 snorum
1568 1807 1685 1878 fundos
1709 1813 1742 1875 et
1764 1811 1865 1888 terras
1889 1807 1930 1878 ad
1953 1829 2031 1878 eum
2054 1809 2158 1901 perti-

733 1940 844 2004 nentes
866 1940 904 2002 ut
926 1955 1024 2026 super
1046 1931 1166 2024 legitur
1188 1931 1250 2002 nisi
1265 1939 1390 2002 tantum
1406 1931 1473 2001 sola
1488 1952 1659 2025 personam
1676 1929 1846 2000 memorati
1863 1929 1975 2023 alperti
1991 1931 2032 2002 ad
2048 1933 2095 2002 eis
2110 1931 2162 2003 in·

734 2056 850 2150 partita
866 2056 1009 2127 dedisent
1031 2077 1090 2125 nos
1120 2077 1312 2148 poneremus
1327 2053 1421 2126 vohis
1437 2053 1556 2126 exinde
1578 2077 1638 2123 nnc
1662 2053 1850 2126 securitate:
1874 2061 1907 2123 et
1929 2054 2006 2148 qnia
2028 2055 2063 2126 in
2085 2079 2162 2150 pre-

733 2181 830 2253 sentis
844 2181 1022 2274 recepimus
1037 2205 1055 2250 a
1071 2188 1162 2272 parte
1185 2187 1291 2250 restra
1314 2187 1530 2250 memoratum
1554 2185 1788 2250 sacramentum
1811 2177 1936 2249 dicente
1959 2179 1993 2248 di
2008 2178 2101 2249 nobis
2125 2196 2162 2252 ut

732 2309 881 2402 superius
903 2307 1101 2380 atseruistitis
1125 2315 1158 2379 et
1180 2305 1385 2378 definihimus
1408 2305 1525 2379 exinde
1548 2304 1716 2376 vobiscum
1741 2313 1774 2374 et
1787 2325 1863 2375 cnm
1886 2303 2021 2378 heredes
2037 2317 2159 2378 vestros

731 2433 766 2502 in
798 2430 972 2502 homnibus
1000 2438 1032 2500 et
1055 2455 1073 2498 a
1095 2431 1196 2500 modo
1218 2438 1252 2500 et
1273 2451 1399 2522 semper
1422 2450 1602 2523 numquam
1625 2427 1876 2521 presummimus
1900 2450 1959 2498 nos
1983 2441 2039 2500 aut
2061 2429 2156 2502 herc-

731 2556 826 2629 dihus
848 2557 966 2626 nostris
990 2577 1048 2626 vos
1073 2555 1258 2626 memoratis
1281 2553 1441 2647 germanis
1464 2563 1521 2624 aut
1544 2553 1717 2625 heredibus
1740 2554 1854 2626 vestris
1877 2554 1997 2628 exinde
2020 2579 2156 2652 querere

731 2709 790 2780 per
814 2684 939 2756 nullum
961 2684 1097 2756 modum
1122 2681 1385 2776 imperpetuum:
1409 2681 1540 2775 insuper
1563 2681 1678 2754 homni
1706 2690 1852 2776 tempore
1884 2707 1946 2778 ego
1980 2694 2157 2756 memorata

731 2808 875 2880 dreotisti
898 2807 1030 2879 honesta
1054 2807 1173 2878 femina
1189 2817 1221 2876 et
1234 2805 1405 2878 heredibus
1422 2807 1503 2878 meis
1528 2807 1697 2878 memorati
1719 2806 1867 2880 iohannis
1882 2817 1916 2880 et
1930 2809 2065 2902 aligerni
2080 2832 2155 2905 ger·

731 2933 834 3006 manis
858 2933 933 3004 tiliis
958 2931 1038 3004 meis
1062 2941 1095 3003 et
1119 2953 1233 3003 eorum
1257 2931 1429 3004 heredibus
1453 2929 1546 3003 vohis
1570 2934 1750 3026 vestrisque
1773 2930 1946 3006 heredibus
1968 2933 2083 3006 exinde
2096 2935 2155 3034 de-

728 3079 826 3150 super
850 3055 963 3126 tollere
987 3055 1178 3127 debeamus:
1203 3053 1346 3148 quisita
1370 3055 1416 3124 sic
1439 3054 1532 3126 nobis
1554 3053 1741 3152 ¹iudicatum
1772 3068 1839 3128 est:
1862 3055 1890 3126 si
1914 3065 2025 3128 autem
2061 3056 2155 3128 aliter

729 3180 900 3252 fecerimus
916 3181 956 3250 de
971 3177 1042 3250 heis
1056 3177 1229 3250 homnibus
1243 3178 1428 3250 memoratis
1440 3202 1500 3273 per
1514 3179 1630 3275 quobis
1643 3179 1776 3251 modum
1788 3188 1845 3251 aut
1859 3180 2064 3252 summissam
2079 3203 2153 3274 per-

729 3331 842 3380 sonam
867 3317 945 3380 tunc
961 3307 1185 3402 componimus
1209 3331 1267 3380 nos
1282 3317 1314 3380 et
1329 3307 1502 3382 heredibus
1524 3311 1641 3382 nostris
1655 3309 1749 3382 vohis
1765 3309 1942 3406 vestrisque
1957 3309 2152 3382 heredibus:

727 3437 801 3508 auri
824 3437 907 3508 libra
930 3461 994 3509 nna
1009 3437 1216 3532 bythiautea:
1239 3447 1271 3510 et
1287 3461 1324 3510 ec
1339 3437 1484 3508 chartula
1503 3437 1687 3510 securitatis
1701 3447 1739 3509 ut
1754 3460 1852 3533 super
1867 3437 1985 3530 iegitur
1999 3438 2042 3510 sit
2056 3438 2151 3510 firma

726 3567 843 3663 scripta
867 3591 925 3663 per
947 3589 1081 3640 manum
1104 3567 1247 3662 gregorii
1270 3568 1435 3663 scriptoris
1459 3565 1640 3672 dischipulo
1662 3565 1785 3639 domini
1798 3566 1923 3640 mastali
1947 3565 2077 3638 curialis
2092 3589 2151 3662 per

726 3705 904 3768 memorata
927 3695 1067 3766 secunda
1089 3692 1265 3764 indictione
1288 3688 1319 3785 †
1860 3724 1862 3728 ¹

822 3820 885 3890 hoc
908 3821 1038 3912 signum
1053 3817 1211 3914 †manus
1234 3825 1411 3888 memorata
1434 3817 1603 3890 theotitisti
1619 3817 1752 3890 honesta
1766 3815 1885 3890 femina
1899 3816 1964 3889 tilia
1979 3819 2149 3890 memorati

725 3945 851 4016 domini
873 3946 985 4018 lunissi
1009 3945 1181 4017 monaehi:
1203 3945 1332 4038 signum
1354 3941 1386 4039 †
1409 3967 1523 4020 manus
1545 3947 1717 4019 memorati
1740 3945 1864 4018 domini
1884 3945 1981 4040 sergii
1997 3945 2065 4017 filio
2078 3969 2148 4020 me·

726 4073 842 4144 morati
858 4075 980 4146 domini
996 4074 1129 4147 iohanni
1146 4074 1310 4147 monachi:
1326 4075 1456 4170 signum
1466 4073 1497 4170 †
1509 4098 1623 4148 manus
1640 4083 1817 4148 memorate
1832 4073 1933 4148 marie
1949 4097 2006 4146 seu
2022 4097 2147 4148 memo·

724 4211 795 4270 rata
818 4223 900 4271 anna
924 4201 1073 4274 honestas
1096 4203 1232 4276 feminas
1255 4226 1424 4297 germanas
1446 4202 1510 4274 hoc
1523 4211 1572 4275 est
1587 4201 1723 4276 exadelfi
1747 4204 1893 4297 germani
1909 4227 1967 4277 seu
1982 4203 2098 4274 bitrica
2113 4211 2147 4275 et

723 4330 881 4423 hrehigno
903 4341 935 4402 et
957 4343 1134 4404 memorata
1156 4333 1300 4406 theotisti
1322 4333 1456 4406 honesta
1478 4331 1597 4404 femina
1619 4355 1680 4426 pro
1704 4332 1776 4405 rice
1799 4333 1969 4405 memorati
1996 4329 2145 4404 iohannis

722 4465 756 4527 et
779 4455 915 4548 aligemi
938 4455 1012 4526 tiliis
1035 4456 1102 4528 suis
1125 4481 1208 4552 quos
1231 4457 1322 4528 ahuit
1345 4457 1385 4528 de
1408 4465 1589 4528 memorato
1612 4457 1746 4529 domino
1760 4457 1901 4530 iohanne
1917 4481 2053 4528 monaco
2069 4456 2143 4530 viro

706 4557 782 4650 'suo
806 4586 840 4648 et
862 4589 1039 4650 memorata
1063 4603 1145 4652 anna
1167 4579 1302 4652 honesta
1323 4581 1443 4650 femina
1466 4575 1543 4649 cum
1565 4602 1723 4654 consensu
1746 4581 1917 4655 memorati
1940 4581 2055 4656 cesarii
2078 4579 2143 4654 viri

718 4705 792 4776 sni:
820 4707 909 4800 quod
933 4729 994 4799 ego
1018 4707 1076 4802 qui
1099 4696 1295 4781 memoratos
1318 4705 1359 4776 ab
1384 4706 1431 4778 eis
1455 4707 1581 4803 rogitus
1605 4731 1667 4803 pro
1690 4709 1738 4782 eis
1759 4708 1935 4804 subscripsi
1957 4707 1990 4806 †

814 4829 931 4924 †ego
955 4836 1096 4904 cesarius
1117 4832 1291 4926 subscripsi
1316 4831 1349 4928 †

810 4956 926 5052 †ego
949 4969 1059 5052 petrus
1082 4960 1167 5034 filim
1198 4959 1323 5032 domini
1346 4959 1495 5035 iohannis
1525 4967 1658 5058 rugatus
1683 4983 1702 5030 a
1725 4960 1955 5058 suprascriptas
1986 4979 2140 5057 personas

719 5084 791 5158 testi
816 5083 989 5182 subscripsi
1013 5085 1044 5183 †
