4876 6520
1440 649 1454 746 p
1475 659 1523 722 sa·
1543 651 1568 742 p

1333 931 1334 936 '
1445 938 1591 1012 cxctn'..

656 1221 717 1277 am,
869 1193 1099 1289 planamiae
1112 1191 1246 1264 domini
1255 1189 1310 1262 dei
1325 1188 1616 1262 salratorianostri
1628 1187 1727 1260 lbera
1740 1185 1866 1258 Cllriati
1877 1187 2063 1282 imperanto
2074 1187 2217 1262 dommo

632 1337 730 1402 282..
777 1331 887 1400 nostro
901 1321 1021 1392 basilio
1030 1339 1150 1413 magno
1165 1317 1360 1412 Imperatore
1375 1315 1630 1389 annoricesimo
1645 1314 1754 1388 tertios
1773 1315 1829 1386 aed
1842 1325 1876 1386 at
1891 1315 2092 1390 oomtantino
2104 1317 2213 1410 fraterv

776 1454 844 1524 etos
865 1469 979 1540 empto
1002 1447 1193 1539 napaeos
1216 1465 1299 1516 nono
1321 1444 1474 1516 aisono
1487 1443 1540 1516 (lie
1563 1443 1678 1514 octaba
1701 1443 1826 1516 mima
1848 1443 1968 1514 mensis
1991 1443 2129 1516 octobrii
2152 1445 2214 1516 in·-

777 1575 915 1649 diolione
938 1571 1109 1646 nntleoima
1124 1571 1273 1666 neapoli:
1299 1570 1432 1652 Comma
1456 1580 1505 1644 att
1526 1591 1587 1643 nos
1601 1569 1793 1666 stephanum
1807 1568 1965 1642 bemilam
1979 1569 2203 1666 presbytorum

777 1713 809 1772 et
833 1699 983 1773 abbatem
1008 1695 1195 1771 monasterii
1219 1695 1330 1768 sancti
1343 1695 1474 1769 morini
1496 1717 1661 1768 unacum
1684 1704 1799 1768 emota
1822 1705 1934 1766 nostra
1954 1697 2205 1791 oongnegatione

775 1827 998 1899 nonnemo
1020 1825 1130 1917 aooeti
1145 1829 1178 1893 et
1199 1821 1392 1895 venerabilis
1415 1821 1518 1894 nostri
1532 1821 1745 1896 monasterii'a
1771 1843 1935 1918 quamque
1949 1832 1983 1894 et
1998 1845 2073 1896 ornn
2088 1834 2210 1896 anneta

776 1953 1028 2050 congregatione
1039 1954 1242 2028 momorum
1253 1948 1417 2024 solutilem
1433 1949 1579 2024 chartula
1589 1949 1751 2023 secretarii
1763 1948 1895 2023 ecclesie
1906 1959 2013 2024 saneto
2026 1951 2126 2023 marie
2138 1950 2207 2022 lia-

774 2079 871 2152 toliea
895 2077 1112 2152 maiorisroto·
1121 2099 1191 2150 eom
1206 2074 1384 2151 volumtate
1398 2075 1530 2148 marini
1547 2073 1697 2148 iohannis
1719 2073 1856 2148 dianoni:
1870 2083 1978 2148 tanate
2001 2075 2212 2170 neapolitane-

774 2202 909 2276 eoaleaie
924 2214 957 2274 at
980 2203 1196 2299 dispensatore
1218 2209 1396 2274 memorata
1419 2197 1553 2274 melesio
1567 2209 1676 2273 saneta
1690 2197 1794 2271 marie
1808 2197 1966 2272 eatholioe
1988 2199 2146 2274 maioris:
2172 2202 2204 2272 Α

775 2333 926 2426 presenti·
934 2331 986 2402 die
1001 2331 1247 2425 promptissima.
1257 2329 1435 2403 volumtate
1447 2327 1689 2402 maminot
1703 2325 2049 2400 etnaffidimusvobis
2072 2323 2214 2400 iobrnni

775 2463 808 2524 et
823 2453 980 2548 stephano
994 2452 1357 2549 oaloiolario.germanis
1370 2451 1624 2548 alloquendam
1639 2449 1786 2524 anastasii
1800 2449 1987 2524 caloiolarii
2002 2450 2086 2524 laesa
2100 2473 2203 2545 qnan-

775 2589 846 2653 trmr
862 2577 958 2651 nobis
971 2577 1007 2652 in
1022 2580 1175 2673 portione
1191 2586 1310 2650 nostra:
1325 2575 1457 2650 obvenit
1480 2587 1554 2651 ot„
1568 2597 1669 2649 ...nos
1684 2575 1817 2650 namus
1839 2573 1880 2648 la
1895 2575 2011 2649 d'omos
2034 2587 2068 2646 et
2091 2585 2199 2648 ortam

774 2706 835 2800 qui
868 2706 930 2778 luit
960 2705 1125 2801 qnondam
1147 2703 1279 2776 martini
1303 2702 1483 2776 caleiolarii'
1503 2701 1714 2775 oonstitntam
1737 2701 1825 2774 intus
1848 2700 2096 2772 eremitatem
2118 2723 2214 2772 nea·-

774 2829 859 2929 polis
883 2831 917 2904 in
943 2830 1018 2903 vioe
1041 2831 1110 2930 qui·
1123 2829 1214 2903 benit
1237 2833 1278 2903 ala
1302 2832 1388 2904 toras
1419 2831 1545 2924 repient
1566 2843 1763 2902 brommato
1785 2837 1944 2926 quantum
1967 2827 2093 2922 integra
2116 2847 2200 2922 por-

775 2956 865 3029 tione
888 2967 1003 3030 nostra
1028 2958 1069 3031 de
1092 2957 1269 3030 transonis:
1292 2965 1325 3029 et
1356 2955 1405 3030 ‹la
1429 2977 1502 3028 oasa
1525 2975 1699 3028 oommnne
1722 2960 1756 3026 et
1777 2973 1837 3048 per
1859 2950 2008 3047 portione
2030 2962 2137 3024 nostra
2161 2953 2213 3025 ‹le›

779 3083 889 3175 gradis
918 3084 1113 3158 marmorob
1141 3081 1370 3158 eommunihaa
1395 3089 1430 3156 al
1452 3081 1493 3155 (lo
1516 3079 1733 3158 bellatorium.
1746 3101 1922 3156 conamine
1943 3101 2020 3154 enm
2043 3077 2208 3154 meinos

774 3213 808 3276 at
832 3203 1032 3300 aspectibus:
1057 3227 1224 3300 quamque
1245 3227 1321 3277 onm
1344 3206 1748 3302 asperioresaostras
1763 3206 1803 3280 (lo
1818 3203 1965 3300 pischina
1988 3204 2155 3277 communi
2169 3211 2212 3274 et

775 3332 815 3404 de
840 3331 959 3404 atrium
983 3351 1079 3404 suum
1103 3329 1265 3428 simulque
1296 3341 1329 3404 et
1348 3353 1424 3405 omn
1454 3332 1603 3406 introitas
1624 3351 1698 3406 snas
1721 3339 1763 3404 et.
1776 3329 1927 3404 omnibns
1949 3331 2204 3426 sirirportinen-

774 3455 862 3530 tibus
886 3457 1016 3551 etipsa
1037 3455 1188 3554 portione
1211 3465 1335 3530 nostras
1359 3455 1399 3532 de
1421 3465 1532 3530 ortum
1556 3479 1633 3532 enm
1655 3459 1910 3531 fractores-snas
1930 3465 1963 3530 ot
1985 3477 2062 3532 oum
2086 3457 2213 3528 introi-2

774 3595 852 3660 trina
869 3605 965 3657 snum
990 3609 1019 3652 a.
1029 3593 1223 3656 memorato.
1234 3585 1309 3656 rioo
1332 3583 1465 3680 publico
1486 3609 1545 3682 per
1561 3589 1731 3658 namenda
1746 3608 1919 3660 oommnne
1933 3594 2039 3680 eaper
2055 3583 2210 3658 anditum-

774 3731 990 3784 eommunem
1004 3717 1046 3781 ot.
1061 3733 1125 3804 par.
1143 3709 1321 3782 oanoellum
1344 3733 1552 3784 communem
1575 3713 1644 3809 qui:
1657 3724 1706 3786 est
1729 3737 1748 3783 a
1763 3722 1854 3808 parte
1868 3711 2095 3809 septentrionis
2118 3711 2207 3784 inim

771 3839 1120 3916 iomdmtomonditum
1136 3861 1343 3913 oommnnem
1360 3841 1561 3936 omosbaopoe
1575 3841 1906 3938 siri-pertinentibus:
1927 3843 2016 3938 quod
2030 3853 2079 3914 est
2093 3839 2206 3911 nomi.-

771 3976 885 4039 natum
900 3962 1059 4063 qiantnm
1082 3967 1176 4040 nobis
1200 3967 1318 4038 exinde
1340 3969 1560 4064 pert'metper
1572 3967 1679 4063 ipsum
1703 3967 1892 4062 dispositum
1910 3967 1945 4038 in
1960 3965 2208 4062 primis-cuba·

772 4094 884 4166 onium
916 4117 1018 4171 unum
1042 4096 1100 4192 qui
1124 4105 1172 4168 est
1194 4118 1291 4191 snpra
1323 4095 1466 4168 oollamo
1491 4119 1550 4192 par
1572 4097 1641 4192 ipsa
1665 4096 1809 4168 ebortolo
1839 4096 1961 4168 dimisit
1995 4107 2028 4166 at
2058 4095 2197 4167 iohanne

772 4218 1000 4290 libertino-arro
1022 4229 1054 4291 et
1078 4217 1211 4290 coleret
1235 4217 1369 4292 adibeo
1392 4218 1555 4292 omueulo
1580 4242 1598 4288 a
1622 4228 1713 4315 parte
1737 4219 1874 4292 orientis
1895 4221 2028 4292 domum
2052 4217 2209 4315 stephani.

773 4344 814 4417 de
839 4347 1038 4418 iurinianum
1054 4344 1213 4438 piotnlnm
1236 4345 1332 4418 sicuti
1349 4347 1440 4420 inter.⁴
1451 4369 1488 4418 se.
1499 4347 1655 4443 petietom
1672 4345 1841 4420 axlinatet
1857 4371 1921 4420 una
1934 4346 2055 4442 regiola
2070 4345 2129 4441 qni
2152 4343 2210 4416 ibis

773 4475 822 4540 eo
837 4467 945 4538 ambas
960 4479 1065 4562 partes
1078 4465 1237 4540 fabricare
1246 4467 1399 4543 iebeatisa
1418 4477 1451 4543 et
1466 4494 1484 4540 a
1499 4480 1590 4566 parte
1600 4470 1836 4566 septemtrionis
1848 4470 1979 4543 roboret
1993 4471 2129 4544 domum
2140 4491 2209 4542 re*

773 4601 873 4664 stram
888 4591 984 4667 nenti
1007 4592 1091 4664 inter
1115 4615 1150 4664 sa
1172 4593 1327 4688 parietem
1351 4594 1491 4668 axiinat:
1518 4605 1585 4667 eta
1599 4605 1690 4690 parte
1714 4595 1888 4668 oeoidentis
1911 4595 2044 4668 coleret
2059 4595 2204 4666 domum..

774 4721 869 4794 leoni.
885 4721 943 4816 qui
966 4719 1039 4792 fuit·
1052 4720 1186 4795 filiastro
1211 4721 1343 4794 martini
1360 4723 1510 4819 quiipse
1533 4725 1674 4798 martino
1698 4727 1738 4797 ad
1763 4746 1838 4796 eum
1862 4722 1986 4794 dimisit
2008 4720 2208 4816 peripsum.

771 4843 963 4940 dispositum
980 4845 1182 4920 sioutiinter.
1203 4867 1237 4919 se
1262 4845 1357 4919 cluso.
1372 4845 1412 4918 de
1425 4845 1532 4920 tabule
1546 4847 1689 4920 exiinat:
1716 4857 1783 4918 eta
1799 4857 1895 4942 parte
1902 4843 2080 4916 meridiana
2096 4843 2210 4916 eolre·r

773 4981 823 5046 ret
839 4973 960 5072 pariete
984 4973 1024 5048 do
1046 4983 1227 5050 memorato
1250 4974 1411 5052 erbocolo
1439 4974 1496 5050 ubi
1520 4976 1594 5051 abet
1617 4977 1770 5052 fenestras
1793 4983 1825 5046 et
1849 4972 1939 5071 regia
1956 4995 2013 5046 sua
2029 4992 2194 5066 quamquo
