4906 6520
913 623 1060 716 (rso)

903 905 1067 980 ccxlvi.

355 1156 386 1252 †
408 1159 446 1228 ln
469 1160 606 1232 nominc
628 1160 757 1234 domini
779 1159 850 1236 dei
855 1163 1031 1236 salvatoris
1047 1165 1154 1238 nostri
1172 1165 1249 1240 lesu
1272 1164 1399 1240 Christi
1413 1167 1597 1264 imperante
1619 1173 1685 1244 do·
1758 1199 1812 1250 an.

262 1286 353 1358 mino
376 1297 488 1357 nostro
511 1286 627 1359 basilio
650 1312 771 1384 magno
793 1285 993 1384 Imperatbre
1018 1313 1105 1362 anno
1124 1291 1289 1364 tricesimo
1313 1293 1440 1366 octaba.
1464 1297 1520 1370 sed
1543 1307 1575 1368 et
1589 1321 1684 1388 =teon·
1735 1311 1821 1375 997.

259 1413 399 1483 stantino
424 1436 542 1508 magno
565 1416 763 1511 Imperatore
787 1421 888 1490 irater
909 1421 981 1492 eius
1004 1443 1090 1492 anno
1113 1421 1279 1492 tricesimo
1303 1421 1428 1516 quinto.
1452 1423 1515 1494 Dic
1543 1427 1681 1520 septima

258 1542 383 1614 decima
407 1545 524 1615 mensis
547 1543 683 1616 ianuarii
707 1547 883 1632 indictione
906 1547 1077 1620 undecima
1093 1549 1242 1642 neapoli:
1271 1551 1339 1620 Nos
1354 1552 1480 1646 sergius
1498 1553 1534 1624 in
1550 1555 1603 1626 dei
1618 1579 1680 1627 no-

258 1675 346 1746 mine
370 1674 654 1747 etminentissimns
668 1675 781 1748 consul
804 1685 837 1745 et
851 1675 940 1746 dux:
965 1675 1189 1747 Concessimus
1204 1685 1237 1746 et
1251 1675 1419 1750 firmamus
1436 1681 1529 1753 vobis
1546 1682 1678 1780 domino

257 1805 366 1874 roccio
388 1803 565 1875 venerabili
587 1803 694 1874 abbati
718 1803 904 1886 monasterii
927 1811 1112 1874 sanctorum
1136 1801 1277 1871 seberiui
1290 1810 1324 1873 ct
1336 1806 1413 1874 sosii
1428 1807 1484 1876 aas·
1498 1831 1605 1881 eorum
1619 1833 1678 1884 ve·

256 1929 410 2001 meabilis
424 1933 586 2022 quiescam
609 1953 741 2023 corporo
756 1941 789 2002 et
803 1953 863 2022 per
876 1952 936 2002 ros
953 1929 988 2000 iu
1001 1937 1185 2002 memorato
1199 1936 1312 2009 sancto
1325 1939 1359 2001 et
1373 1933 1550 2003 venerabili
1566 1947 1678 2009 vestro

254 2055 468 2128 monasterio:
495 2058 539 2126 Ut
560 2055 724 2128 licentiam
741 2067 774 2127 et
790 2065 982 2150 potestatem
1000 2055 1148 2128 habeatis
1165 2076 1223 2128 vos
1238 2063 1272 2126 st
1281 2059 1401 2148 poderi
1417 2061 1511 2130 uestri
1515 2108 1669 2134 .......
1743 2079 1746 2086 ’

253 2199 375 2274 ponere
398 2187 431 2250 et
450 2177 569 2250 habere
592 2202 657 2250 una
679 2181 845 2274 paraturis
869 2181 909 2251 ad
924 2181 1119 2274 piscandum·
1139 2202 1215 2252 cum
1232 2179 1311 2252 duas
1326 2179 1447 2254 lontrss
1462 2187 1499 2254 ia
1513 2189 1675 2260 medietate

253 2279 1225 2398 eastrameeum........................J...„
1230 2353 1432 2379 ·········
1443 2309 1672 2406 quodcumque
1794 2281 1797 2292 ¹

253 2431 370 2504 exinde
392 2431 513 2504 habere
536 2439 570 2504 et
592 2432 706 2504 tollere
729 2431 900 2527 potueritis
924 2432 960 2503 in
982 2441 1089 2504 vestra
1101 2433 1292 2526 posterisque
1315 2433 1431 2505 vesuis
1445 2434 1509 2505 sint
1524 2447 1675 2530 potesta-

251 2570 319 2634 tem
343 2582 473 2656 queque
496 2560 613 2633 exinde
636 2562 742 2632 lacere
765 2558 945 2632 volueritis.
969 2559 1068 2632 etiam
1091 2558 1256 2631 licentiam
1273 2568 1306 2630 st
1319 2569 1512 2655 potestatem
1534 2561 1674 2636 habeant

250 2687 365 2758 vestris
387 2687 576 2758 hominibus
600 2710 683 2782 quos
706 2687 827 2760 ibidem
856 2687 1042 2760 direxeritis
1070 2686 1112 2758 ad
1133 2685 1324 2780 piscandum
1349 2687 1384 2759 in
1406 2687 1477 2782 ipsa
1500 2689 1673 2764 medietate

252 2821 362 2883 nostra
396 2811 541 2907 partibus
568 2811 684 2884 militie
714 2813 865 2888 reditum¹
885 2813 991 2884 facere
1015 2821 1048 2882 et
1071 2811 1191 2883 habere
1214 2821 1248 2882 et
1269 2811 1358 2906 ligna
1382 2823 1416 2882 ct
1437 2811 1531 2907 palea
1554 2815 1672 2886 exinde
1699 2843 1701 2850 ·

249 2942 426 3013 abscindere
448 2949 584 3038 quantas
608 2940 649 3012 ad
673 2941 720 3013 eis
743 2963 911 3014 necessum
934 2941 1043 3012 luerit.
1066 2949 1100 3010 ct
1122 2960 1304 3036 numquam
1333 2939 1586 3034 presummimus
1610 2963 1671 3014 nos

250 3078 306 3138 aut
329 3069 466 3162 posteris
488 3069 608 3142 nostris
629 3093 688 3142 nce
711 3069 830 3142 nostris
853 3069 1033 3140 hordinatis
1062 3090 1147 3163 quos
1170 3069 1205 3140 in
1234 3069 1339 3160 ipsum
1370 3067 1481 3140 lacum
1510 3069 1672 3162 patrisnse

248 3193 451 3286 posuerimus
475 3202 508 3264 ct
531 3193 811 3267 hordinavcrimus
834 3217 894 3264 nec
909 3191 972 3260 alia
988 3193 1104 3287 quasis
1119 3215 1258 3286 persona
1273 3191 1368 3264 vobis
1383 3170 1596 3288 posterisque.
1612 3217 1672 3264 ve-

249 3322 322 3392 stris
345 3343 406 3394 uec
428 3322 575 3416 ipsorum
597 3320 785 3392 hominibus
808 3323 916 3391 nestris
939 3320 1057 3392 exinde
1080 3319 1215 3414 aliquod
1238 3319 1353 3392 tollere
1377 3331 1435 3391 aut
1448 3344 1586 3416 querere
1609 3344 1671 3394 neo

168 3433 177 3446 ’
247 3462 396 3522 contrane
419 3450 571 3544 perennis
585 3474 623 3520 ac
641 3449 804 3545 perpetuis
818 3445 1027 3543 temporibus.
1044 3459 1077 3520 et
1091 3471 1199 3542 neque
1216 3447 1345 3519 anobis
1361 3459 1543 3521 memorato
1559 3449 1670 3544 sergio

248 3577 301 3649 dei
324 3577 428 3671 grana
460 3577 573 3649 consul
597 3585 630 3649 et
653 3577 722 3649 dux
754 3599 904 3672 nequeua
926 3575 1064 3669 posteris
1094 3573 1212 3644 nostris
1235 3574 1294 3667 qni
1319 3584 1394 3668 post
1416 3597 1476 3645 nos
1499 3575 1534 3645 in
1556 3585 1669 3646 nostro

246 3703 371 3776 bonore
394 3705 532 3799 locoque
558 3705 655 3775 duces
681 3703 872 3776 accesserint
898 3701 988 3774 nullo
1022 3710 1169 3796 tempore
1193 3721 1375 3794 numquam
1400 3722 1459 3771 sos
1486 3709 1667 3772 memorato

246 3832 379 3904 domino
401 3832 511 3902 roccio
534 3831 711 3904 venerabili
737 3829 843 3901 abbati
867 3838 924 3900 aut
946 3829 1084 3922 posteris
1108 3827 1223 3902 restris
1246 3837 1522 3904 ncc.memoratus
1538 3838 1667 3900 sanctus

245 3969 352 4030 vester
376 3958 589 4030 monasterius
613 3957 702 4052 quod
725 3956 809 4028 absit
831 3955 975 4027 babeatis
991 3955 1109 4028 exinde
1128 3955 1302 4051 aliquando
1317 3977 1525 4051 quacumque
1548 3978 1667 4049 reque·

146 4131 156 4152 ·.
245 4083 397 4157 sitionem
420 4091 476 4154 aut
491 4081 638 4154 molestia
653 4105 712 4176 per
726 4079 851 4152 nullum
866 4080 1000 4152 modum
1017 4103 1077 4152 nec
1092 4104 1150 4176 per
1165 4080 1345 4152 summissis
1360 4079 1507 4174 personis
1522 4077 1563 4149 ha
1578 4101 1665 4150 nunc

245 4217 279 4278 et
300 4205 508 4302 imperpetuis
532 4207 743 4312 temporibus.
767 4205 875 4290 Quam
898 4205 1104 4279 concessione
1127 4206 1217 4278 sicud
1234 4205 1383 4300 superius
1398 4205 1517 4300 legitur
1533 4230 1550 4276 a
1568 4204 1663 4277 nobis

243 4333 336 4404 tacta
361 4343 455 4426 petro
477 4332 634 4428 primario
656 4333 796 4407 scribere
818 4333 1023 4430 precepimus
1046 4335 1081 4406 in
1105 4359 1170 4430 qua
1185 4345 1218 4406 et
1234 4355 1295 4405 nos
1311 4332 1424 4406 subter
1437 4355 1498 4428 pro
1514 4332 1661 4427 amplio-

242 4479 313 4530 rem
336 4457 407 4531 cius
430 4459 613 4532 firmitatem
635 4480 751 4532 manus
773 4458 921 4554 proprias
944 4460 1192 4554 nsbscripsimus
1215 4457 1268 4530 die
1292 4467 1325 4532 et
1339 4456 1518 4530 indictione
1534 4478 1661 4528 memo·

241 4599 312 4662 rata
334 4587 513 4662 undecima.
536 4597 570 4660 ct
592 4609 633 4658 oc
654 4585 852 4659 recordando
867 4584 1034 4656 firmamus
1050 4596 1086 4656 ut
1101 4583 1162 4655 hcc
1178 4583 1289 4654 omnia
1306 4591 1338 4654 et
1354 4605 1397 4652 ex
1412 4580 1565 4651 omnibus
1581 4602 1660 4650 me-

239 4713 377 4784 moratis
399 4735 465 4808 qne
487 4711 635 4808 superius
657 4711 753 4784 vobis
774 4711 993 4782 concessimus
1009 4721 1041 4780 et
1055 4710 1258 4781 firmavimus
1273 4707 1309 4777 in
1324 4713 1429 4776 vestra
1445 4701 1656 4798 posterisque.

241 4839 357 4915 seruis
378 4847 622 4938 memoratoque
645 4845 755 4913 saneto
779 4845 889 4914 restro
911 4836 1108 4911 monasterio
1130 4836 1195 4910 sint
1218 4841 1408 4930 potestatem
1432 4829 1473 4903 ad
1494 4828 1656 4902 abendam
