<?xml version="1.0" encoding="UTF-8"?>
<!DOCTYPE html PUBLIC "-//W3C//DTD XHTML 1.0 Transitional//EN"
    "http://www.w3.org/TR/xhtml1/DTD/xhtml1-transitional.dtd">
<html xmlns="http://www.w3.org/1999/xhtml" xml:lang="en" lang="en">
 <head>
  <title>
</title>
<meta http-equiv="Content-Type" content="text/html;charset=utf-8" />
  <meta name='ocr-system' content='tesseract 3.04.00' />
  <meta name='ocr-capabilities' content='ocr_page ocr_carea ocr_par ocr_line ocrx_word'/>
</head>
<body>
  <div class='ocr_page' id='page_1' title='image "./monumentaeditaa00napogoog_0093.png"; bbox 0 0 4876 6520; ppageno 0'>
   <div class='ocr_carea' id='block_1_1' title="bbox 901 695 1022 790">
    <p class='ocr_par' dir='ltr' id='par_1_1' title="bbox 901 695 1022 790">
     <span class='ocr_line' id='line_1_1' title="bbox 901 695 1022 790; baseline 0.017 -2"><span class='ocrx_word' id='word_1_1' title='bbox 901 695 1022 790; x_wconf 82' lang='lat'><strong>(⁷⁷)</strong></span> 
     </span>
    </p>
   </div>
   <div class='ocr_carea' id='block_1_2' title="bbox 913 976 1015 1051">
    <p class='ocr_par' dir='ltr' id='par_1_2' title="bbox 913 976 1015 1051">
     <span class='ocr_line' id='line_1_2' title="bbox 913 976 1015 1051; baseline -0.029 1"><span class='ocrx_word' id='word_1_2' title='bbox 913 976 1015 1051; x_wconf 81' lang='lat' dir='ltr'><strong>CCXl.</strong></span> 
     </span>
    </p>
   </div>
   <div class='ocr_carea' id='block_1_3' title="bbox 242 1211 1805 1702">
    <p class='ocr_par' dir='ltr' id='par_1_3' title="bbox 242 1211 1805 1702">
     <span class='ocr_line' id='line_1_3' title="bbox 337 1211 1793 1328; baseline -0.003 -24"><span class='ocrx_word' id='word_1_3' title='bbox 337 1229 429 1328; x_wconf 86' lang='lat' dir='ltr'><strong>†ln</strong></span> <span class='ocrx_word' id='word_1_4' title='bbox 452 1211 586 1303; x_wconf 87' lang='lat' dir='ltr'><strong>nomino</strong></span> <span class='ocrx_word' id='word_1_5' title='bbox 609 1229 736 1303; x_wconf 91' lang='lat' dir='ltr'><strong>domini</strong></span> <span class='ocrx_word' id='word_1_6' title='bbox 759 1231 813 1304; x_wconf 90' lang='lat' dir='ltr'><strong>dei</strong></span> <span class='ocrx_word' id='word_1_7' title='bbox 836 1231 1005 1304; x_wconf 84' lang='lat' dir='ltr'><strong>salvatoris</strong></span> <span class='ocrx_word' id='word_1_8' title='bbox 1027 1232 1131 1304; x_wconf 78' lang='lat' dir='ltr'><strong>nostri</strong></span> <span class='ocrx_word' id='word_1_9' title='bbox 1154 1228 1247 1304; x_wconf 87' lang='lat' dir='ltr'><strong>ihesu</strong></span> <span class='ocrx_word' id='word_1_10' title='bbox 1272 1231 1394 1304; x_wconf 90' lang='lat' dir='ltr'><strong>christi.</strong></span> <span class='ocrx_word' id='word_1_11' title='bbox 1418 1231 1515 1303; x_wconf 88' lang='lat' dir='ltr'><strong>Auno</strong></span> <span class='ocrx_word' id='word_1_12' title='bbox 1539 1234 1580 1304; x_wconf 85' lang='lat' dir='ltr'><strong>ab</strong></span> <span class='ocrx_word' id='word_1_13' title='bbox 1604 1235 1663 1304; x_wconf 90' lang='lat' dir='ltr'><strong>in-</strong></span> <span class='ocrx_word' id='word_1_14' title='bbox 1744 1255 1793 1300; x_wconf 86' lang='lat' dir='ltr'><strong>an.</strong></span> 
     </span>
     <span class='ocr_line' id='line_1_4' title="bbox 242 1355 1805 1452; baseline -0.006 -19"><span class='ocrx_word' id='word_1_15' title='bbox 242 1362 430 1433; x_wconf 76' lang='lat' dir='ltr'><strong>carnatiom</strong></span> <span class='ocrx_word' id='word_1_16' title='bbox 460 1357 585 1430; x_wconf 91' lang='lat' dir='ltr'><strong>domini</strong></span> <span class='ocrx_word' id='word_1_17' title='bbox 616 1358 864 1452; x_wconf 78' lang='lat' dir='ltr'><strong>nungentesimo</strong></span> <span class='ocrx_word' id='word_1_18' title='bbox 896 1355 1131 1451; x_wconf 74' lang='lat' dir='ltr'><strong>octoagesimo.</strong></span> <span class='ocrx_word' id='word_1_19' title='bbox 1147 1356 1266 1427; x_wconf 77' lang='lat' dir='ltr'><strong>notabo</strong></span> <span class='ocrx_word' id='word_1_20' title='bbox 1289 1377 1389 1451; x_wconf 90' lang='lat' dir='ltr'><strong>quam</strong></span> <span class='ocrx_word' id='word_1_21' title='bbox 1412 1365 1445 1426; x_wconf 89' lang='lat' dir='ltr'><strong>et</strong></span> <span class='ocrx_word' id='word_1_22' title='bbox 1468 1365 1553 1427; x_wconf 89' lang='lat' dir='ltr'><strong>sesto</strong></span> <span class='ocrx_word' id='word_1_23' title='bbox 1577 1381 1662 1428; x_wconf 92' lang='lat' dir='ltr'><strong>anuo</strong></span> <span class='ocrx_word' id='word_1_24' title='bbox 1719 1368 1805 1429; x_wconf 80' lang='lat'><strong>988.</strong></span> 
     </span>
     <span class='ocr_line' id='line_1_5' title="bbox 242 1480 1665 1579; baseline -0.001 -25"><span class='ocrx_word' id='word_1_25' title='bbox 242 1483 442 1579; x_wconf 79' lang='lat' dir='ltr'><strong>principatus</strong></span> <span class='ocrx_word' id='word_1_26' title='bbox 464 1481 591 1553; x_wconf 93' lang='lat' dir='ltr'><strong>domiui</strong></span> <span class='ocrx_word' id='word_1_27' title='bbox 614 1481 785 1556; x_wconf 86' lang='lat' dir='ltr'><strong>landenolfi</strong></span> <span class='ocrx_word' id='word_1_28' title='bbox 808 1480 1070 1553; x_wconf 80' lang='lat' dir='ltr'><strong>excellentissimi</strong></span> <span class='ocrx_word' id='word_1_29' title='bbox 1094 1481 1261 1575; x_wconf 89' lang='lat' dir='ltr'><strong>principis.</strong></span> <span class='ocrx_word' id='word_1_30' title='bbox 1290 1505 1401 1553; x_wconf 88' lang='lat' dir='ltr'><strong>mense</strong></span> <span class='ocrx_word' id='word_1_31' title='bbox 1416 1482 1534 1576; x_wconf 88' lang='lat' dir='ltr'><strong>aprelis</strong></span> <span class='ocrx_word' id='word_1_32' title='bbox 1559 1484 1665 1576; x_wconf 87' lang='lat' dir='ltr'><strong>prima</strong></span> 
     </span>
     <span class='ocr_line' id='line_1_6' title="bbox 242 1606 1663 1702; baseline -0.001 -22"><span class='ocrx_word' id='word_1_33' title='bbox 242 1609 388 1682; x_wconf 79' lang='lat' dir='ltr'><strong>indictio.</strong></span> <span class='ocrx_word' id='word_1_34' title='bbox 423 1609 492 1680; x_wconf 88' lang='lat' dir='ltr'><strong>Nec</strong></span> <span class='ocrx_word' id='word_1_35' title='bbox 521 1630 588 1680; x_wconf 93' lang='lat' dir='ltr'><strong>non</strong></span> <span class='ocrx_word' id='word_1_36' title='bbox 612 1617 645 1680; x_wconf 90' lang='lat' dir='ltr'><strong>et</strong></span> <span class='ocrx_word' id='word_1_37' title='bbox 666 1607 805 1700; x_wconf 91' lang='lat' dir='ltr'><strong>septimo</strong></span> <span class='ocrx_word' id='word_1_38' title='bbox 832 1629 918 1678; x_wconf 90' lang='lat' dir='ltr'><strong>anuo</strong></span> <span class='ocrx_word' id='word_1_39' title='bbox 944 1607 1069 1679; x_wconf 92' lang='lat' dir='ltr'><strong>domini</strong></span> <span class='ocrx_word' id='word_1_40' title='bbox 1100 1606 1237 1678; x_wconf 86' lang='lat' dir='ltr'><strong>adenolfi</strong></span> <span class='ocrx_word' id='word_1_41' title='bbox 1266 1609 1390 1702; x_wconf 81' lang='lat' dir='ltr'><strong>egregii</strong></span> <span class='ocrx_word' id='word_1_42' title='bbox 1424 1609 1663 1702; x_wconf 78' lang='lat' dir='ltr'><strong>archipresulis.</strong></span> 
     </span>
    </p>
   </div>
   <div class='ocr_carea' id='block_1_4' title="bbox 242 1732 1666 1952">
    <p class='ocr_par' dir='ltr' id='par_1_4' title="bbox 242 1732 1666 1952">
     <span class='ocr_line' id='line_1_7' title="bbox 242 1732 1666 1831; baseline -0.001 -23"><span class='ocrx_word' id='word_1_43' title='bbox 242 1759 311 1831; x_wconf 78' lang='lat' dir='ltr'><strong>quo</strong></span> <span class='ocrx_word' id='word_1_44' title='bbox 334 1739 396 1810; x_wconf 86' lang='lat' dir='ltr'><strong>deo</strong></span> <span class='ocrx_word' id='word_1_45' title='bbox 419 1736 547 1808; x_wconf 87' lang='lat' dir='ltr'><strong>labente</strong></span> <span class='ocrx_word' id='word_1_46' title='bbox 570 1744 680 1808; x_wconf 86' lang='lat' dir='ltr'><strong>sancte</strong></span> <span class='ocrx_word' id='word_1_47' title='bbox 709 1756 854 1828; x_wconf 83' lang='lat' dir='ltr'><strong>capuano</strong></span> <span class='ocrx_word' id='word_1_48' title='bbox 886 1735 971 1807; x_wconf 88' lang='lat' dir='ltr'><strong>sedis</strong></span> <span class='ocrx_word' id='word_1_49' title='bbox 1001 1732 1215 1826; x_wconf 78' lang='lat' dir='ltr'><strong>archipresul.</strong></span> <span class='ocrx_word' id='word_1_50' title='bbox 1247 1745 1453 1806; x_wconf 83' lang='lat' dir='ltr'><strong>consecratus</strong></span> <span class='ocrx_word' id='word_1_51' title='bbox 1486 1747 1543 1808; x_wconf 89' lang='lat' dir='ltr'><strong>est.</strong></span> <span class='ocrx_word' id='word_1_52' title='bbox 1575 1737 1666 1810; x_wconf 88' lang='lat' dir='ltr'><strong>Siout</strong></span> 
     </span>
     <span class='ocr_line' id='line_1_8' title="bbox 243 1854 1664 1952; baseline -0.001 -20"><span class='ocrx_word' id='word_1_53' title='bbox 243 1860 399 1932; x_wconf 86' lang='lat' dir='ltr'><strong>canonica</strong></span> <span class='ocrx_word' id='word_1_54' title='bbox 422 1858 589 1928; x_wconf 82' lang='lat' dir='ltr'><strong>continent</strong></span> <span class='ocrx_word' id='word_1_55' title='bbox 612 1859 749 1932; x_wconf 86' lang='lat' dir='ltr'><strong>decreta.</strong></span> <span class='ocrx_word' id='word_1_56' title='bbox 774 1856 855 1927; x_wconf 92' lang='lat' dir='ltr'><strong>nulli</strong></span> <span class='ocrx_word' id='word_1_57' title='bbox 872 1854 1000 1926; x_wconf 89' lang='lat' dir='ltr'><strong>licitum</strong></span> <span class='ocrx_word' id='word_1_58' title='bbox 1016 1865 1064 1925; x_wconf 90' lang='lat' dir='ltr'><strong>est</strong></span> <span class='ocrx_word' id='word_1_59' title='bbox 1080 1857 1278 1950; x_wconf 87' lang='lat' dir='ltr'><strong>ubicumque</strong></span> <span class='ocrx_word' id='word_1_60' title='bbox 1293 1869 1481 1926; x_wconf 86' lang='lat' dir='ltr'><strong>construere</strong></span> <span class='ocrx_word' id='word_1_61' title='bbox 1505 1882 1664 1952; x_wconf 89' lang='lat' dir='ltr'><strong>quecum-</strong></span> 
     </span>
    </p>
   </div>
   <div class='ocr_carea' id='block_1_5' title="bbox 234 1981 1795 4986">
    <p class='ocr_par' dir='ltr' id='par_1_5' title="bbox 234 1981 1795 4986">
     <span class='ocr_line' id='line_1_9' title="bbox 242 1981 1667 2082; baseline -0.001 -24"><span class='ocrx_word' id='word_1_62' title='bbox 242 2011 307 2082; x_wconf 83' lang='lat' dir='ltr'><strong>que</strong></span> <span class='ocrx_word' id='word_1_63' title='bbox 330 1984 482 2058; x_wconf 89' lang='lat' dir='ltr'><strong>oratoria.</strong></span> <span class='ocrx_word' id='word_1_64' title='bbox 505 1985 627 2078; x_wconf 85' lang='lat' dir='ltr'><strong>absquo</strong></span> <span class='ocrx_word' id='word_1_65' title='bbox 649 1982 768 2054; x_wconf 90' lang='lat' dir='ltr'><strong>notitia</strong></span> <span class='ocrx_word' id='word_1_66' title='bbox 782 1991 815 2053; x_wconf 91' lang='lat' dir='ltr'><strong>et</strong></span> <span class='ocrx_word' id='word_1_67' title='bbox 828 1981 959 2054; x_wconf 87' lang='lat' dir='ltr'><strong>licentia</strong></span> <span class='ocrx_word' id='word_1_68' title='bbox 983 1983 1228 2077; x_wconf 88' lang='lat' dir='ltr'><strong>archiepiscopi.</strong></span> <span class='ocrx_word' id='word_1_69' title='bbox 1252 1985 1346 2054; x_wconf 86' lang='lat' dir='ltr'><strong>cuius</strong></span> <span class='ocrx_word' id='word_1_70' title='bbox 1370 1985 1525 2056; x_wconf 86' lang='lat' dir='ltr'><strong>diocesim</strong></span> <span class='ocrx_word' id='word_1_71' title='bbox 1548 1987 1667 2056; x_wconf 76' lang='lat' dir='ltr'><strong>sadria-</strong></span> 
     </span>
     <span class='ocr_line' id='line_1_10' title="bbox 243 2109 1665 2204; baseline -0.001 -18"><span class='ocrx_word' id='word_1_72' title='bbox 243 2123 326 2186; x_wconf 86' lang='lat' dir='ltr'><strong>oeut</strong></span> <span class='ocrx_word' id='word_1_73' title='bbox 350 2135 426 2185; x_wconf 88' lang='lat' dir='ltr'><strong>narn</strong></span> <span class='ocrx_word' id='word_1_74' title='bbox 448 2133 562 2182; x_wconf 78' lang='lat' dir='ltr'><strong>omnes</strong></span> <span class='ocrx_word' id='word_1_75' title='bbox 585 2109 718 2182; x_wconf 87' lang='lat' dir='ltr'><strong>ecclesie</strong></span> <span class='ocrx_word' id='word_1_76' title='bbox 741 2117 923 2204; x_wconf 85' lang='lat' dir='ltr'><strong>cunctaque</strong></span> <span class='ocrx_word' id='word_1_77' title='bbox 945 2111 1098 2182; x_wconf 89' lang='lat' dir='ltr'><strong>oratoria.</strong></span> <span class='ocrx_word' id='word_1_78' title='bbox 1123 2112 1159 2182; x_wconf 95' lang='lat' dir='ltr'><strong>in</strong></span> <span class='ocrx_word' id='word_1_79' title='bbox 1174 2111 1301 2182; x_wconf 90' lang='lat' dir='ltr'><strong>dicione</strong></span> <span class='ocrx_word' id='word_1_80' title='bbox 1317 2112 1435 2183; x_wconf 87' lang='lat' dir='ltr'><strong>dehent</strong></span> <span class='ocrx_word' id='word_1_81' title='bbox 1458 2133 1527 2184; x_wconf 86' lang='lat' dir='ltr'><strong>esse</strong></span> <span class='ocrx_word' id='word_1_82' title='bbox 1551 2114 1665 2184; x_wconf 91' lang='lat' dir='ltr'><strong>archi-</strong></span> 
     </span>
     <span class='ocr_line' id='line_1_11' title="bbox 243 2218 1678 2332; baseline 0.003 -26"><span class='ocrx_word' id='word_1_83' title='bbox 243 2235 380 2331; x_wconf 89' lang='lat' dir='ltr'><strong>presulis</strong></span> <span class='ocrx_word' id='word_1_84' title='bbox 396 2236 432 2308; x_wconf 92' lang='lat' dir='ltr'><strong>in</strong></span> <span class='ocrx_word' id='word_1_85' title='bbox 446 2234 540 2308; x_wconf 88' lang='lat' dir='ltr'><strong>cuins</strong></span> <span class='ocrx_word' id='word_1_86' title='bbox 562 2233 717 2308; x_wconf 84' lang='lat' dir='ltr'><strong>diocesim</strong></span> <span class='ocrx_word' id='word_1_87' title='bbox 732 2256 801 2305; x_wconf 88' lang='lat' dir='ltr'><strong>esse</strong></span> <span class='ocrx_word' id='word_1_88' title='bbox 816 2234 977 2306; x_wconf 84' lang='lat' dir='ltr'><strong>ridentur.</strong></span> <span class='ocrx_word' id='word_1_89' title='bbox 1001 2233 1223 2319; x_wconf 78' lang='lat' dir='ltr'><strong>Quamobrem</strong></span> <span class='ocrx_word' id='word_1_90' title='bbox 1238 2259 1298 2308; x_wconf 91' lang='lat' dir='ltr'><strong>nos</strong></span> <span class='ocrx_word' id='word_1_91' title='bbox 1313 2235 1487 2332; x_wconf 87' lang='lat' dir='ltr'><strong>prephatus</strong></span> <span class='ocrx_word' id='word_1_92' title='bbox 1504 2218 1678 2310; x_wconf 82' lang='lat' dir='ltr'><strong>adenolfus</strong></span> 
     </span>
     <span class='ocr_line' id='line_1_12' title="bbox 242 2359 1666 2459; baseline -0.003 -23"><span class='ocrx_word' id='word_1_93' title='bbox 242 2363 513 2459; x_wconf 80' lang='lat' dir='ltr'><strong>mohiepiscopus.</strong></span> <span class='ocrx_word' id='word_1_94' title='bbox 538 2369 606 2432; x_wconf 90' lang='lat' dir='ltr'><strong>tam</strong></span> <span class='ocrx_word' id='word_1_95' title='bbox 628 2359 895 2455; x_wconf 87' lang='lat' dir='ltr'><strong>archiepiscopali</strong></span> <span class='ocrx_word' id='word_1_96' title='bbox 911 2360 1103 2434; x_wconf 83' lang='lat' dir='ltr'><strong>auctoritate</strong></span> <span class='ocrx_word' id='word_1_97' title='bbox 1117 2361 1201 2432; x_wconf 80' lang='lat' dir='ltr'><strong>fulti.</strong></span> <span class='ocrx_word' id='word_1_98' title='bbox 1225 2385 1326 2456; x_wconf 83' lang='lat' dir='ltr'><strong>quarn</strong></span> <span class='ocrx_word' id='word_1_99' title='bbox 1348 2387 1572 2456; x_wconf 86' lang='lat' dir='ltr'><strong>precessorum</strong></span> <span class='ocrx_word' id='word_1_100' title='bbox 1597 2387 1666 2434; x_wconf 89' lang='lat' dir='ltr'><strong>no-</strong></span> 
     </span>
     <span class='ocr_line' id='line_1_13' title="bbox 243 2487 1670 2582; baseline 0.001 -20"><span class='ocrx_word' id='word_1_101' title='bbox 243 2499 386 2562; x_wconf 86' lang='lat' dir='ltr'><strong>strorum</strong></span> <span class='ocrx_word' id='word_1_102' title='bbox 410 2490 511 2560; x_wconf 84' lang='lat' dir='ltr'><strong>secuti</strong></span> <span class='ocrx_word' id='word_1_103' title='bbox 534 2487 701 2581; x_wconf 87' lang='lat' dir='ltr'><strong>exemplar</strong></span> <span class='ocrx_word' id='word_1_104' title='bbox 723 2488 782 2582; x_wconf 86' lang='lat' dir='ltr'><strong>qui</strong></span> <span class='ocrx_word' id='word_1_105' title='bbox 797 2487 954 2580; x_wconf 91' lang='lat' dir='ltr'><strong>plurimas</strong></span> <span class='ocrx_word' id='word_1_106' title='bbox 977 2487 1128 2556; x_wconf 85' lang='lat' dir='ltr'><strong>ecclesias</strong></span> <span class='ocrx_word' id='word_1_107' title='bbox 1151 2489 1271 2558; x_wconf 91' lang='lat' dir='ltr'><strong>liberas</strong></span> <span class='ocrx_word' id='word_1_108' title='bbox 1285 2490 1441 2559; x_wconf 88' lang='lat' dir='ltr'><strong>lecerunt</strong></span> <span class='ocrx_word' id='word_1_109' title='bbox 1457 2497 1593 2582; x_wconf 84' lang='lat' dir='ltr'><strong>precatu</strong></span> <span class='ocrx_word' id='word_1_110' title='bbox 1609 2512 1670 2563; x_wconf 90' lang='lat' dir='ltr'><strong>au·.</strong></span> 
     </span>
     <span class='ocr_line' id='line_1_14' title="bbox 244 2613 1668 2690; baseline 0.001 -2"><span class='ocrx_word' id='word_1_111' title='bbox 244 2615 345 2688; x_wconf 87' lang='lat' dir='ltr'><strong>loaldi</strong></span> <span class='ocrx_word' id='word_1_112' title='bbox 377 2614 594 2686; x_wconf 74' lang='lat' dir='ltr'><strong>archidiaconi</strong></span> <span class='ocrx_word' id='word_1_113' title='bbox 626 2614 729 2684; x_wconf 90' lang='lat' dir='ltr'><strong>nostri</strong></span> <span class='ocrx_word' id='word_1_114' title='bbox 760 2613 880 2682; x_wconf 86' lang='lat' dir='ltr'><strong>dilecti.</strong></span> <span class='ocrx_word' id='word_1_115' title='bbox 904 2635 981 2687; x_wconf 88' lang='lat' dir='ltr'><strong>cum</strong></span> <span class='ocrx_word' id='word_1_116' title='bbox 1009 2635 1168 2688; x_wconf 89' lang='lat' dir='ltr'><strong>consensu</strong></span> <span class='ocrx_word' id='word_1_117' title='bbox 1191 2615 1394 2688; x_wconf 89' lang='lat' dir='ltr'><strong>sacerdotum</strong></span> <span class='ocrx_word' id='word_1_118' title='bbox 1419 2641 1457 2689; x_wconf 91' lang='lat' dir='ltr'><strong>ao</strong></span> <span class='ocrx_word' id='word_1_119' title='bbox 1480 2617 1668 2690; x_wconf 86' lang='lat' dir='ltr'><strong>levitarum.</strong></span> 
     </span>
     <span class='ocr_line' id='line_1_15' title="bbox 246 2737 1668 2838; baseline 0.001 -23"><span class='ocrx_word' id='word_1_120' title='bbox 246 2753 494 2837; x_wconf 87' lang='lat' dir='ltr'><strong>oeterorumque</strong></span> <span class='ocrx_word' id='word_1_121' title='bbox 525 2738 679 2810; x_wconf 87' lang='lat' dir='ltr'><strong>ordinum</strong></span> <span class='ocrx_word' id='word_1_122' title='bbox 702 2737 906 2810; x_wconf 89' lang='lat' dir='ltr'><strong>clericorum.</strong></span> <span class='ocrx_word' id='word_1_123' title='bbox 938 2763 998 2834; x_wconf 89' lang='lat' dir='ltr'><strong>per</strong></span> <span class='ocrx_word' id='word_1_124' title='bbox 1020 2737 1084 2810; x_wconf 91' lang='lat' dir='ltr'><strong>hoc</strong></span> <span class='ocrx_word' id='word_1_125' title='bbox 1106 2750 1256 2812; x_wconf 87' lang='lat' dir='ltr'><strong>nostrum</strong></span> <span class='ocrx_word' id='word_1_126' title='bbox 1278 2741 1456 2814; x_wconf 90' lang='lat' dir='ltr'><strong>roboreum</strong></span> <span class='ocrx_word' id='word_1_127' title='bbox 1479 2752 1668 2838; x_wconf 83' lang='lat' dir='ltr'><strong>preceptum</strong></span> 
     </span>
     <span class='ocr_line' id='line_1_16' title="bbox 244 2867 1666 2968; baseline -0.001 -24"><span class='ocrx_word' id='word_1_128' title='bbox 244 2872 462 2944; x_wconf 88' lang='lat' dir='ltr'><strong>concessimus</strong></span> <span class='ocrx_word' id='word_1_129' title='bbox 485 2877 523 2940; x_wconf 92' lang='lat' dir='ltr'><strong>ut</strong></span> <span class='ocrx_word' id='word_1_130' title='bbox 553 2867 687 2940; x_wconf 85' lang='lat' dir='ltr'><strong>ecclesia</strong></span> <span class='ocrx_word' id='word_1_131' title='bbox 709 2889 810 2964; x_wconf 88' lang='lat' dir='ltr'><strong>quam</strong></span> <span class='ocrx_word' id='word_1_132' title='bbox 833 2877 871 2939; x_wconf 90' lang='lat' dir='ltr'><strong>tu</strong></span> <span class='ocrx_word' id='word_1_133' title='bbox 894 2867 1026 2940; x_wconf 87' lang='lat' dir='ltr'><strong>domina</strong></span> <span class='ocrx_word' id='word_1_134' title='bbox 1049 2871 1157 2941; x_wconf 91' lang='lat' dir='ltr'><strong>aloara</strong></span> <span class='ocrx_word' id='word_1_135' title='bbox 1181 2872 1385 2944; x_wconf 86' lang='lat' dir='ltr'><strong>serenissima</strong></span> <span class='ocrx_word' id='word_1_136' title='bbox 1410 2873 1609 2968; x_wconf 82' lang='lat' dir='ltr'><strong>principissa.</strong></span> <span class='ocrx_word' id='word_1_137' title='bbox 1634 2883 1666 2942; x_wconf 90' lang='lat' dir='ltr'><strong>et</strong></span> 
     </span>
     <span class='ocr_line' id='line_1_17' title="bbox 243 2994 1664 3094; baseline 0.001 -26"><span class='ocrx_word' id='word_1_138' title='bbox 243 2997 409 3094; x_wconf 85' lang='lat' dir='ltr'><strong>predictus</strong></span> <span class='ocrx_word' id='word_1_139' title='bbox 431 2994 584 3068; x_wconf 85' lang='lat' dir='ltr'><strong>dominus</strong></span> <span class='ocrx_word' id='word_1_140' title='bbox 606 2995 808 3070; x_wconf 82' lang='lat' dir='ltr'><strong>landonolfus</strong></span> <span class='ocrx_word' id='word_1_141' title='bbox 823 2997 1015 3091; x_wconf 78' lang='lat' dir='ltr'><strong>magnificus</strong></span> <span class='ocrx_word' id='word_1_142' title='bbox 1030 2999 1179 3094; x_wconf 87' lang='lat' dir='ltr'><strong>princeps</strong></span> <span class='ocrx_word' id='word_1_143' title='bbox 1194 3011 1270 3072; x_wconf 87' lang='lat' dir='ltr'><strong>tuus</strong></span> <span class='ocrx_word' id='word_1_144' title='bbox 1286 3000 1370 3072; x_wconf 88' lang='lat' dir='ltr'><strong>filius</strong></span> <span class='ocrx_word' id='word_1_145' title='bbox 1385 3001 1545 3072; x_wconf 82' lang='lat' dir='ltr'><strong>vocabulo</strong></span> <span class='ocrx_word' id='word_1_146' title='bbox 1561 3003 1664 3073; x_wconf 89' lang='lat' dir='ltr'><strong>sancti</strong></span> 
     </span>
     <span class='ocr_line' id='line_1_18' title="bbox 242 3122 1667 3217; baseline 0 -22"><span class='ocrx_word' id='word_1_147' title='bbox 242 3123 398 3196; x_wconf 81' lang='lat' dir='ltr'><strong>laurentii</strong></span> <span class='ocrx_word' id='word_1_148' title='bbox 420 3122 519 3194; x_wconf 85' lang='lat' dir='ltr'><strong>levite</strong></span> <span class='ocrx_word' id='word_1_149' title='bbox 541 3131 574 3195; x_wconf 91' lang='lat' dir='ltr'><strong>ot</strong></span> <span class='ocrx_word' id='word_1_150' title='bbox 596 3122 739 3194; x_wconf 88' lang='lat' dir='ltr'><strong>martiris</strong></span> <span class='ocrx_word' id='word_1_151' title='bbox 763 3123 850 3194; x_wconf 87' lang='lat' dir='ltr'><strong>intus</strong></span> <span class='ocrx_word' id='word_1_152' title='bbox 873 3122 969 3194; x_wconf 86' lang='lat' dir='ltr'><strong>istam</strong></span> <span class='ocrx_word' id='word_1_153' title='bbox 994 3147 1172 3217; x_wconf 87' lang='lat' dir='ltr'><strong>capuanam</strong></span> <span class='ocrx_word' id='word_1_154' title='bbox 1199 3124 1366 3196; x_wconf 87' lang='lat' dir='ltr'><strong>civitatem</strong></span> <span class='ocrx_word' id='word_1_155' title='bbox 1391 3149 1411 3192; x_wconf 90' lang='lat' dir='ltr'><strong>a</strong></span> <span class='ocrx_word' id='word_1_156' title='bbox 1434 3149 1521 3198; x_wconf 89' lang='lat' dir='ltr'><strong>novo</strong></span> <span class='ocrx_word' id='word_1_157' title='bbox 1544 3128 1667 3198; x_wconf 89' lang='lat' dir='ltr'><strong>lunda-</strong></span> 
     </span>
     <span class='ocr_line' id='line_1_19' title="bbox 243 3246 1668 3343; baseline -0.002 -22"><span class='ocrx_word' id='word_1_158' title='bbox 243 3253 335 3322; x_wconf 90' lang='lat' dir='ltr'><strong>mine</strong></span> <span class='ocrx_word' id='word_1_159' title='bbox 358 3248 611 3320; x_wconf 83' lang='lat' dir='ltr'><strong>construcxistis.</strong></span> <span class='ocrx_word' id='word_1_160' title='bbox 633 3267 695 3338; x_wconf 81' lang='lat' dir='ltr'><strong>pro</strong></span> <span class='ocrx_word' id='word_1_161' title='bbox 717 3246 940 3338; x_wconf 88' lang='lat' dir='ltr'><strong>redemptione</strong></span> <span class='ocrx_word' id='word_1_162' title='bbox 972 3247 1156 3318; x_wconf 88' lang='lat' dir='ltr'><strong>animarum</strong></span> <span class='ocrx_word' id='word_1_163' title='bbox 1178 3258 1361 3319; x_wconf 84' lang='lat' dir='ltr'><strong>vestrarum</strong></span> <span class='ocrx_word' id='word_1_164' title='bbox 1384 3257 1417 3319; x_wconf 90' lang='lat' dir='ltr'><strong>et</strong></span> <span class='ocrx_word' id='word_1_165' title='bbox 1441 3249 1567 3322; x_wconf 90' lang='lat' dir='ltr'><strong>domini</strong></span> <span class='ocrx_word' id='word_1_166' title='bbox 1590 3249 1668 3343; x_wconf 84' lang='lat' dir='ltr'><strong>pal-</strong></span> 
     </span>
     <span class='ocr_line' id='line_1_20' title="bbox 244 3372 1659 3472; baseline -0.002 -21"><span class='ocrx_word' id='word_1_167' title='bbox 244 3379 322 3452; x_wconf 89' lang='lat' dir='ltr'><strong>dolfi</strong></span> <span class='ocrx_word' id='word_1_168' title='bbox 353 3377 508 3472; x_wconf 91' lang='lat' dir='ltr'><strong>principis</strong></span> <span class='ocrx_word' id='word_1_169' title='bbox 539 3385 573 3446; x_wconf 90' lang='lat' dir='ltr'><strong>et</strong></span> <span class='ocrx_word' id='word_1_170' title='bbox 595 3372 791 3446; x_wconf 89' lang='lat' dir='ltr'><strong>marchionis</strong></span> <span class='ocrx_word' id='word_1_171' title='bbox 823 3383 856 3446; x_wconf 86' lang='lat' dir='ltr'><strong>et</strong></span> <span class='ocrx_word' id='word_1_172' title='bbox 887 3373 1013 3446; x_wconf 93' lang='lat' dir='ltr'><strong>domini</strong></span> <span class='ocrx_word' id='word_1_173' title='bbox 1035 3374 1167 3448; x_wconf 89' lang='lat' dir='ltr'><strong>landolfi</strong></span> <span class='ocrx_word' id='word_1_174' title='bbox 1190 3377 1346 3470; x_wconf 90' lang='lat' dir='ltr'><strong>principis</strong></span> <span class='ocrx_word' id='word_1_175' title='bbox 1379 3389 1412 3448; x_wconf 91' lang='lat' dir='ltr'><strong>et</strong></span> <span class='ocrx_word' id='word_1_176' title='bbox 1435 3379 1560 3448; x_wconf 92' lang='lat' dir='ltr'><strong>domini</strong></span> <span class='ocrx_word' id='word_1_177' title='bbox 1584 3387 1659 3448; x_wconf 90' lang='lat' dir='ltr'><strong>ate-</strong></span> 
     </span>
     <span class='ocr_line' id='line_1_21' title="bbox 242 3497 1669 3594; baseline -0.003 -18"><span class='ocrx_word' id='word_1_178' title='bbox 242 3505 323 3576; x_wconf 89' lang='lat' dir='ltr'><strong>nolli</strong></span> <span class='ocrx_word' id='word_1_179' title='bbox 346 3501 543 3576; x_wconf 86' lang='lat' dir='ltr'><strong>marchionis</strong></span> <span class='ocrx_word' id='word_1_180' title='bbox 577 3510 611 3570; x_wconf 88' lang='lat' dir='ltr'><strong>et</strong></span> <span class='ocrx_word' id='word_1_181' title='bbox 632 3499 756 3574; x_wconf 92' lang='lat' dir='ltr'><strong>domini</strong></span> <span class='ocrx_word' id='word_1_182' title='bbox 779 3497 910 3594; x_wconf 88' lang='lat' dir='ltr'><strong>paldolli</strong></span> <span class='ocrx_word' id='word_1_183' title='bbox 934 3499 1089 3594; x_wconf 87' lang='lat' dir='ltr'><strong>principis</strong></span> <span class='ocrx_word' id='word_1_184' title='bbox 1121 3507 1154 3568; x_wconf 89' lang='lat' dir='ltr'><strong>et</strong></span> <span class='ocrx_word' id='word_1_185' title='bbox 1177 3501 1303 3572; x_wconf 92' lang='lat' dir='ltr'><strong>domini</strong></span> <span class='ocrx_word' id='word_1_186' title='bbox 1328 3501 1449 3576; x_wconf 86' lang='lat' dir='ltr'><strong>laidolli</strong></span> <span class='ocrx_word' id='word_1_187' title='bbox 1478 3513 1512 3573; x_wconf 89' lang='lat' dir='ltr'><strong>et</strong></span> <span class='ocrx_word' id='word_1_188' title='bbox 1541 3504 1669 3574; x_wconf 89' lang='lat' dir='ltr'><strong>domini</strong></span> 
     </span>
     <span class='ocr_line' id='line_1_22' title="bbox 243 3625 1668 3729; baseline -0.003 -27"><span class='ocrx_word' id='word_1_189' title='bbox 243 3631 362 3729; x_wconf 74' lang='lat' dir='ltr'><strong>gisolfi.</strong></span> <span class='ocrx_word' id='word_1_190' title='bbox 387 3630 422 3700; x_wconf 92' lang='lat' dir='ltr'><strong>in</strong></span> <span class='ocrx_word' id='word_1_191' title='bbox 445 3651 511 3723; x_wconf 91' lang='lat' dir='ltr'><strong>qua</strong></span> <span class='ocrx_word' id='word_1_192' title='bbox 533 3627 632 3697; x_wconf 91' lang='lat' dir='ltr'><strong>etiam</strong></span> <span class='ocrx_word' id='word_1_193' title='bbox 656 3625 831 3698; x_wconf 89' lang='lat' dir='ltr'><strong>cenobium</strong></span> <span class='ocrx_word' id='word_1_194' title='bbox 854 3627 1026 3697; x_wconf 85' lang='lat' dir='ltr'><strong>sorborum</strong></span> <span class='ocrx_word' id='word_1_195' title='bbox 1054 3627 1107 3703; x_wconf 91' lang='lat' dir='ltr'><strong>dei</strong></span> <span class='ocrx_word' id='word_1_196' title='bbox 1133 3628 1363 3720; x_wconf 86' lang='lat' dir='ltr'><strong>preordiuastis</strong></span> <span class='ocrx_word' id='word_1_197' title='bbox 1387 3629 1429 3698; x_wconf 91' lang='lat' dir='ltr'><strong>sit</strong></span> <span class='ocrx_word' id='word_1_198' title='bbox 1453 3629 1598 3698; x_wconf 88' lang='lat' dir='ltr'><strong>absoluta</strong></span> <span class='ocrx_word' id='word_1_199' title='bbox 1622 3631 1668 3698; x_wconf 91' lang='lat' dir='ltr'><strong>li·</strong></span> 
     </span>
     <span class='ocr_line' id='line_1_23' title="bbox 241 3725 1795 3848; baseline -0.003 -19"><span class='ocrx_word' id='word_1_200' title='bbox 241 3759 324 3830; x_wconf 84' lang='lat' dir='ltr'><strong>hora</strong></span> <span class='ocrx_word' id='word_1_201' title='bbox 347 3755 465 3828; x_wconf 87' lang='lat' dir='ltr'><strong>amodo</strong></span> <span class='ocrx_word' id='word_1_202' title='bbox 496 3763 530 3824; x_wconf 93' lang='lat' dir='ltr'><strong>et</strong></span> <span class='ocrx_word' id='word_1_203' title='bbox 552 3753 712 3846; x_wconf 85' lang='lat' dir='ltr'><strong>deinceps.</strong></span> <span class='ocrx_word' id='word_1_204' title='bbox 728 3753 770 3822; x_wconf 90' lang='lat' dir='ltr'><strong>ab</strong></span> <span class='ocrx_word' id='word_1_205' title='bbox 793 3751 885 3823; x_wconf 92' lang='lat' dir='ltr'><strong>omni</strong></span> <span class='ocrx_word' id='word_1_206' title='bbox 908 3752 1099 3824; x_wconf 87' lang='lat' dir='ltr'><strong>condicione</strong></span> <span class='ocrx_word' id='word_1_207' title='bbox 1123 3753 1404 3848; x_wconf 87' lang='lat' dir='ltr'><strong>archiepiscopalis</strong></span> <span class='ocrx_word' id='word_1_208' title='bbox 1432 3753 1667 3826; x_wconf 88' lang='lat' dir='ltr'><strong>dominationis</strong></span> <span class='ocrx_word' id='word_1_209' title='bbox 1791 3725 1795 3736; x_wconf 61' lang='lat'><strong>.</strong></span> 
     </span>
     <span class='ocr_line' id='line_1_24' title="bbox 243 3871 1671 3967; baseline 0 -21"><span class='ocrx_word' id='word_1_210' title='bbox 243 3901 324 3952; x_wconf 84' lang='lat' dir='ltr'><strong>oum</strong></span> <span class='ocrx_word' id='word_1_211' title='bbox 347 3875 499 3946; x_wconf 91' lang='lat' dir='ltr'><strong>omuibus</strong></span> <span class='ocrx_word' id='word_1_212' title='bbox 521 3871 619 3942; x_wconf 93' lang='lat' dir='ltr'><strong>rebus</strong></span> <span class='ocrx_word' id='word_1_213' title='bbox 643 3881 676 3940; x_wconf 88' lang='lat' dir='ltr'><strong>et</strong></span> <span class='ocrx_word' id='word_1_214' title='bbox 697 3871 898 3963; x_wconf 87' lang='lat' dir='ltr'><strong>pertinentiis</strong></span> <span class='ocrx_word' id='word_1_215' title='bbox 922 3871 988 3942; x_wconf 87' lang='lat' dir='ltr'><strong>suis</strong></span> <span class='ocrx_word' id='word_1_216' title='bbox 1011 3873 1081 3942; x_wconf 90' lang='lat' dir='ltr'><strong>sive</strong></span> <span class='ocrx_word' id='word_1_217' title='bbox 1104 3897 1186 3967; x_wconf 82' lang='lat' dir='ltr'><strong>quas</strong></span> <span class='ocrx_word' id='word_1_218' title='bbox 1209 3875 1344 3944; x_wconf 85' lang='lat' dir='ltr'><strong>inferius</strong></span> <span class='ocrx_word' id='word_1_219' title='bbox 1368 3875 1566 3945; x_wconf 88' lang='lat' dir='ltr'><strong>declaramus</strong></span> <span class='ocrx_word' id='word_1_220' title='bbox 1601 3875 1671 3946; x_wconf 83' lang='lat' dir='ltr'><strong>sive</strong></span> 
     </span>
     <span class='ocr_line' id='line_1_25' title="bbox 242 3992 1671 4100; baseline -0.003 -28"><span class='ocrx_word' id='word_1_221' title='bbox 242 4023 331 4100; x_wconf 82' lang='lat' dir='ltr'><strong>quas</strong></span> <span class='ocrx_word' id='word_1_222' title='bbox 354 4019 537 4092; x_wconf 86' lang='lat' dir='ltr'><strong>cocumque</strong></span> <span class='ocrx_word' id='word_1_223' title='bbox 560 3995 658 4068; x_wconf 90' lang='lat' dir='ltr'><strong>modo</strong></span> <span class='ocrx_word' id='word_1_224' title='bbox 682 3993 722 4064; x_wconf 87' lang='lat' dir='ltr'><strong>ad</strong></span> <span class='ocrx_word' id='word_1_225' title='bbox 744 3992 979 4087; x_wconf 83' lang='lat' dir='ltr'><strong>possessionem</strong></span> <span class='ocrx_word' id='word_1_226' title='bbox 1003 3995 1145 4088; x_wconf 87' lang='lat' dir='ltr'><strong>predicte</strong></span> <span class='ocrx_word' id='word_1_227' title='bbox 1171 3997 1304 4067; x_wconf 88' lang='lat' dir='ltr'><strong>ecclesie</strong></span> <span class='ocrx_word' id='word_1_228' title='bbox 1321 3997 1391 4067; x_wconf 89' lang='lat' dir='ltr'><strong>eins</strong></span> <span class='ocrx_word' id='word_1_229' title='bbox 1407 4007 1549 4066; x_wconf 86' lang='lat' dir='ltr'><strong>rectores</strong></span> <span class='ocrx_word' id='word_1_230' title='bbox 1565 3998 1671 4092; x_wconf 88' lang='lat' dir='ltr'><strong>adque</strong></span> 
     </span>
     <span class='ocr_line' id='line_1_26' title="bbox 241 4117 1671 4217; baseline -0.003 -16"><span class='ocrx_word' id='word_1_231' title='bbox 241 4123 398 4201; x_wconf 82' lang='lat' dir='ltr'><strong>crastodes</strong></span> <span class='ocrx_word' id='word_1_232' title='bbox 421 4121 589 4216; x_wconf 86' lang='lat' dir='ltr'><strong>acquirere</strong></span> <span class='ocrx_word' id='word_1_233' title='bbox 612 4117 778 4214; x_wconf 88' lang='lat' dir='ltr'><strong>potuerint</strong></span> <span class='ocrx_word' id='word_1_234' title='bbox 792 4127 841 4188; x_wconf 88' lang='lat' dir='ltr'><strong>set</strong></span> <span class='ocrx_word' id='word_1_235' title='bbox 856 4141 898 4189; x_wconf 85' lang='lat' dir='ltr'><strong>ex</strong></span> <span class='ocrx_word' id='word_1_236' title='bbox 913 4118 942 4190; x_wconf 90' lang='lat' dir='ltr'><strong>is</strong></span> <span class='ocrx_word' id='word_1_237' title='bbox 956 4141 1022 4214; x_wconf 89' lang='lat' dir='ltr'><strong>quo</strong></span> <span class='ocrx_word' id='word_1_238' title='bbox 1036 4142 1124 4192; x_wconf 88' lang='lat' dir='ltr'><strong>nunc</strong></span> <span class='ocrx_word' id='word_1_239' title='bbox 1146 4121 1288 4215; x_wconf 88' lang='lat' dir='ltr'><strong>possidet</strong></span> <span class='ocrx_word' id='word_1_240' title='bbox 1311 4122 1435 4217; x_wconf 84' lang='lat' dir='ltr'><strong>aliquas</strong></span> <span class='ocrx_word' id='word_1_241' title='bbox 1459 4121 1671 4196; x_wconf 90' lang='lat' dir='ltr'><strong>nominamus</strong></span> 
     </span>
     <span class='ocr_line' id='line_1_27' title="bbox 239 4245 1667 4348; baseline 0 -26"><span class='ocrx_word' id='word_1_242' title='bbox 239 4253 399 4348; x_wconf 87' lang='lat' dir='ltr'><strong>inprimis</strong></span> <span class='ocrx_word' id='word_1_243' title='bbox 430 4251 516 4344; x_wconf 85' lang='lat' dir='ltr'><strong>ipsas</strong></span> <span class='ocrx_word' id='word_1_244' title='bbox 548 4258 651 4320; x_wconf 87' lang='lat' dir='ltr'><strong>terras</strong></span> <span class='ocrx_word' id='word_1_245' title='bbox 683 4253 718 4316; x_wconf 89' lang='lat' dir='ltr'><strong>et</strong></span> <span class='ocrx_word' id='word_1_246' title='bbox 749 4267 858 4340; x_wconf 85' lang='lat' dir='ltr'><strong>prosas</strong></span> <span class='ocrx_word' id='word_1_247' title='bbox 888 4245 1055 4340; x_wconf 89' lang='lat' dir='ltr'><strong>quomodo</strong></span> <span class='ocrx_word' id='word_1_248' title='bbox 1081 4248 1263 4320; x_wconf 88' lang='lat' dir='ltr'><strong>circumdat</strong></span> <span class='ocrx_word' id='word_1_249' title='bbox 1285 4274 1339 4322; x_wconf 87' lang='lat' dir='ltr'><strong>eas</strong></span> <span class='ocrx_word' id='word_1_250' title='bbox 1361 4273 1475 4322; x_wconf 92' lang='lat' dir='ltr'><strong>murus</strong></span> <span class='ocrx_word' id='word_1_251' title='bbox 1500 4274 1577 4322; x_wconf 91' lang='lat' dir='ltr'><strong>cum</strong></span> <span class='ocrx_word' id='word_1_252' title='bbox 1599 4274 1667 4322; x_wconf 91' lang='lat' dir='ltr'><strong>uno</strong></span> 
     </span>
     <span class='ocr_line' id='line_1_28' title="bbox 239 4375 1671 4479; baseline -0.002 -27"><span class='ocrx_word' id='word_1_253' title='bbox 239 4381 331 4479; x_wconf 88' lang='lat' dir='ltr'><strong>pede</strong></span> <span class='ocrx_word' id='word_1_254' title='bbox 354 4389 447 4451; x_wconf 84' lang='lat' dir='ltr'><strong>extra</strong></span> <span class='ocrx_word' id='word_1_255' title='bbox 471 4378 580 4472; x_wconf 87' lang='lat' dir='ltr'><strong>ipsum</strong></span> <span class='ocrx_word' id='word_1_256' title='bbox 602 4394 735 4446; x_wconf 91' lang='lat' dir='ltr'><strong>murum</strong></span> <span class='ocrx_word' id='word_1_257' title='bbox 760 4375 881 4468; x_wconf 87' lang='lat' dir='ltr'><strong>appede</strong></span> <span class='ocrx_word' id='word_1_258' title='bbox 904 4375 945 4446; x_wconf 93' lang='lat' dir='ltr'><strong>de</strong></span> <span class='ocrx_word' id='word_1_259' title='bbox 967 4397 1068 4448; x_wconf 90' lang='lat' dir='ltr'><strong>manu</strong></span> <span class='ocrx_word' id='word_1_260' title='bbox 1090 4375 1239 4448; x_wconf 88' lang='lat' dir='ltr'><strong>landonis</strong></span> <span class='ocrx_word' id='word_1_261' title='bbox 1262 4377 1382 4449; x_wconf 83' lang='lat' dir='ltr'><strong>seniori</strong></span> <span class='ocrx_word' id='word_1_262' title='bbox 1401 4378 1552 4450; x_wconf 84' lang='lat' dir='ltr'><strong>castaldei</strong></span> <span class='ocrx_word' id='word_1_263' title='bbox 1576 4401 1671 4460; x_wconf 53' lang='lat' dir='ltr'><strong>menss</strong></span> 
     </span>
     <span class='ocr_line' id='line_1_29' title="bbox 238 4504 1668 4602; baseline -0.002 -22"><span class='ocrx_word' id='word_1_264' title='bbox 238 4517 361 4586; x_wconf 84' lang='lat' dir='ltr'><strong>surato</strong></span> <span class='ocrx_word' id='word_1_265' title='bbox 384 4509 420 4579; x_wconf 94' lang='lat' dir='ltr'><strong>in</strong></span> <span class='ocrx_word' id='word_1_266' title='bbox 443 4505 562 4602; x_wconf 86' lang='lat' dir='ltr'><strong>quihus</strong></span> <span class='ocrx_word' id='word_1_267' title='bbox 585 4504 688 4598; x_wconf 85' lang='lat' dir='ltr'><strong>presis</strong></span> <span class='ocrx_word' id='word_1_268' title='bbox 720 4528 761 4574; x_wconf 88' lang='lat' dir='ltr'><strong>ex</strong></span> <span class='ocrx_word' id='word_1_269' title='bbox 792 4504 936 4598; x_wconf 84' lang='lat' dir='ltr'><strong>predicta</strong></span> <span class='ocrx_word' id='word_1_270' title='bbox 967 4505 1099 4576; x_wconf 87' lang='lat' dir='ltr'><strong>ccclesia</strong></span> <span class='ocrx_word' id='word_1_271' title='bbox 1131 4515 1315 4578; x_wconf 89' lang='lat' dir='ltr'><strong>constructa</strong></span> <span class='ocrx_word' id='word_1_272' title='bbox 1347 4515 1379 4576; x_wconf 86' lang='lat' dir='ltr'><strong>et</strong></span> <span class='ocrx_word' id='word_1_273' title='bbox 1414 4507 1598 4578; x_wconf 89' lang='lat' dir='ltr'><strong>mansiones</strong></span> <span class='ocrx_word' id='word_1_274' title='bbox 1628 4508 1668 4577; x_wconf 87' lang='lat' dir='ltr'><strong>ad</strong></span> 
     </span>
     <span class='ocr_line' id='line_1_30' title="bbox 240 4632 1669 4728; baseline -0.005 -18"><span class='ocrx_word' id='word_1_275' title='bbox 240 4637 390 4716; x_wconf 83' lang='lat' dir='ltr'><strong>utilitate</strong></span> <span class='ocrx_word' id='word_1_276' title='bbox 414 4635 480 4705; x_wconf 91' lang='lat' dir='ltr'><strong>illic</strong></span> <span class='ocrx_word' id='word_1_277' title='bbox 503 4632 775 4704; x_wconf 80' lang='lat' dir='ltr'><strong>commorantium</strong></span> <span class='ocrx_word' id='word_1_278' title='bbox 797 4633 967 4704; x_wconf 91' lang='lat' dir='ltr'><strong>serhorum</strong></span> <span class='ocrx_word' id='word_1_279' title='bbox 991 4633 1044 4704; x_wconf 87' lang='lat' dir='ltr'><strong>dei</strong></span> <span class='ocrx_word' id='word_1_280' title='bbox 1067 4634 1228 4728; x_wconf 87' lang='lat' dir='ltr'><strong>simulque</strong></span> <span class='ocrx_word' id='word_1_281' title='bbox 1252 4655 1328 4702; x_wconf 91' lang='lat' dir='ltr'><strong>cum</strong></span> <span class='ocrx_word' id='word_1_282' title='bbox 1352 4633 1505 4704; x_wconf 89' lang='lat' dir='ltr'><strong>omnihus</strong></span> <span class='ocrx_word' id='word_1_283' title='bbox 1521 4633 1617 4702; x_wconf 89' lang='lat' dir='ltr'><strong>terris</strong></span> <span class='ocrx_word' id='word_1_284' title='bbox 1634 4633 1669 4703; x_wconf 92' lang='lat' dir='ltr'><strong>in</strong></span> 
     </span>
     <span class='ocr_line' id='line_1_31' title="bbox 236 4754 1669 4850; baseline -0.003 -19"><span class='ocrx_word' id='word_1_285' title='bbox 236 4767 322 4837; x_wconf 84' lang='lat' dir='ltr'><strong>loco</strong></span> <span class='ocrx_word' id='word_1_286' title='bbox 344 4757 535 4830; x_wconf 80' lang='lat' dir='ltr'><strong>ferronianu</strong></span> <span class='ocrx_word' id='word_1_287' title='bbox 559 4765 688 4826; x_wconf 92' lang='lat' dir='ltr'><strong>etcum</strong></span> <span class='ocrx_word' id='word_1_288' title='bbox 710 4754 800 4826; x_wconf 91' lang='lat' dir='ltr'><strong>omni</strong></span> <span class='ocrx_word' id='word_1_289' title='bbox 823 4763 915 4850; x_wconf 90' lang='lat' dir='ltr'><strong>parte</strong></span> <span class='ocrx_word' id='word_1_290' title='bbox 938 4755 979 4827; x_wconf 92' lang='lat' dir='ltr'><strong>de</strong></span> <span class='ocrx_word' id='word_1_291' title='bbox 1003 4757 1135 4828; x_wconf 87' lang='lat' dir='ltr'><strong>ecclesia</strong></span> <span class='ocrx_word' id='word_1_292' title='bbox 1164 4757 1265 4827; x_wconf 88' lang='lat' dir='ltr'><strong>sancti</strong></span> <span class='ocrx_word' id='word_1_293' title='bbox 1290 4757 1411 4828; x_wconf 90' lang='lat' dir='ltr'><strong>nazarii</strong></span> <span class='ocrx_word' id='word_1_294' title='bbox 1435 4765 1618 4827; x_wconf 87' lang='lat' dir='ltr'><strong>constructa</strong></span> <span class='ocrx_word' id='word_1_295' title='bbox 1634 4755 1669 4826; x_wconf 93' lang='lat' dir='ltr'><strong>in</strong></span> 
     </span>
     <span class='ocr_line' id='line_1_32' title="bbox 234 4877 1750 4986; baseline -0.008 -24"><span class='ocrx_word' id='word_1_296' title='bbox 234 4886 398 4986; x_wconf 85' lang='lat' dir='ltr'><strong>predicto</strong></span> <span class='ocrx_word' id='word_1_297' title='bbox 420 4882 494 4956; x_wconf 89' lang='lat' dir='ltr'><strong>loco</strong></span> <span class='ocrx_word' id='word_1_298' title='bbox 517 4881 704 4956; x_wconf 81' lang='lat' dir='ltr'><strong>ferroniano</strong></span> <span class='ocrx_word' id='word_1_299' title='bbox 727 4903 785 4952; x_wconf 89' lang='lat' dir='ltr'><strong>seu</strong></span> <span class='ocrx_word' id='word_1_300' title='bbox 808 4890 842 4952; x_wconf 90' lang='lat' dir='ltr'><strong>et</strong></span> <span class='ocrx_word' id='word_1_301' title='bbox 864 4881 998 4976; x_wconf 84' lang='lat' dir='ltr'><strong>integris</strong></span> <span class='ocrx_word' id='word_1_302' title='bbox 1021 4880 1172 4952; x_wconf 90' lang='lat' dir='ltr'><strong>omnihus</strong></span> <span class='ocrx_word' id='word_1_303' title='bbox 1195 4880 1367 4952; x_wconf 87' lang='lat' dir='ltr'><strong>territoriis</strong></span> <span class='ocrx_word' id='word_1_304' title='bbox 1391 4879 1522 4950; x_wconf 86' lang='lat' dir='ltr'><strong>deloco</strong></span> <span class='ocrx_word' id='word_1_305' title='bbox 1541 4877 1598 4949; x_wconf 91' lang='lat' dir='ltr'><strong>uhi</strong></span> <span class='ocrx_word' id='word_1_306' title='bbox 1615 4877 1667 4950; x_wconf 92' lang='lat' dir='ltr'><strong>di-</strong></span> <span class='ocrx_word' id='word_1_307' title='bbox 1744 4888 1750 4899; x_wconf 84' lang='lat'><strong>&#39;</strong></span> 
     </span>
    </p>
   </div>
   <div class='ocr_carea' id='block_1_6' title="bbox 0 0 2442 6520">
    <p class='ocr_par' dir='ltr' id='par_1_6' title="bbox 0 0 2442 6520">
     <span class='ocr_line' id='line_1_33' title="bbox 0 0 2442 6520; baseline 0 0"><span class='ocrx_word' id='word_1_308' title='bbox 0 0 2442 6520; x_wconf 95' lang='lat' dir='ltr'><strong> </strong></span> 
     </span>
    </p>
   </div>
  </div>
 </body>
</html>
