4906 6520
895 634 1000 766 (¹151
1027 647 1041 743 )

268 801 394 873 nullum
428 804 560 874 modum
593 803 705 874 dantes
728 811 761 872 et
793 803 994 896 utimpicntcs
1027 803 1118 872 omni
1142 823 1246 875 unnue
1271 803 1420 874 omnibus
1444 805 1629 876 memoratis
1652 813 1689 876 ut

267 948 363 1018 super
394 925 514 1017 legitur
545 913 682 1019 excepto
706 925 734 996 si
758 949 817 996 ros
841 935 873 996 ct
896 914 1032 1018 posteris
1056 929 1169 999 vestris
1192 929 1279 999 clara
1302 930 1383 998 tacta
1407 931 1541 1000 veritate
1565 927 1686 1000 ibidem

265 1051 408 1117 ommino
432 1057 578 1118 vestrum
601 1071 721 1140 ponere
746 1047 914 1122 volueritis
938 1049 1100 1122 licentiam
1125 1061 1158 1120 et
1180 1059 1338 1144 potestate
1360 1053 1477 1124 abeatis
1500 1053 1594 1123 nobis
1617 1075 1685 1121 no-

266 1169 423 1262 nisque:
451 1169 625 1242 heredibus
649 1169 721 1239 snut
736 1169 860 1282 *conen
884 1171 1045 1242 reboans:
1069 1174 1146 1266 qun
1171 1176 1215 1243 m
1239 1176 1332 1246 nohis
1354 1154 1492 1268 placuit?
1517 1177 1552 1246 st
1577 1186 1683 1246 autem

264 1317 325 1365 nos
350 1305 406 1366 out
429 1296 602 1368 heredibus
626 1299 743 1368 nostris
766 1298 859 1372 aliter
883 1299 1054 1370 fecerimus
1078 1301 1118 1370 de
1142 1301 1192 1371 bis
1208 1303 1361 1374 omnibus
1376 1307 1562 1374 memoratis
1578 1313 1616 1372 nt
1630 1325 1686 1373 su-

264 1445 324 1514 per
356 1423 476 1514 legitur
503 1447 563 1517 per
595 1425 711 1518 quobis
745 1427 881 1500 modum
910 1437 965 1499 ont
997 1429 1177 1500 summissis
1201 1433 1347 1524 personis
1369 1437 1447 1502 tnnc
1472 1431 1684 1522 conponimus

264 1551 358 1623 vobis
382 1554 580 1648 vestrisque:
606 1556 743 1648 posteris
768 1558 839 1627 auri
863 1553 981 1628 solidos
1005 1559 1175 1630 duodecim
1203 1559 1405 1654 bythianteos
1421 1569 1454 1630 et
1477 1583 1514 1629 eo
1536 1545 1683 1626 chartula

263 1663 488 1768 promissionis
511 1689 548 1748 ut
571 1703 669 1773 super
691 1679 810 1772 iegitur
832 1683 874 1752 sit
898 1681 990 1752 firma
1015 1684 1132 1774 scriptu
1164 1703 1222 1775 per
1245 1706 1358 1754 manus
1381 1683 1527 1754 iohannis
1551 1681 1682 1753 cumulis

262 1827 319 1896 pcc
344 1815 522 1878 memorato
547 1805 720 1878 indictione
743 1807 774 1901 †

358 1932 421 2000 hoc
445 1930 574 2020 signum
599 1926 630 2020 †
653 1951 766 2000 monus
796 1939 975 2000 memorato
999 1931 1137 2002 iohanne
1161 1933 1235 2024 gigo
1259 1934 1388 2024 signum
1413 1929 1443 2023 †
1466 1951 1580 2000 manus
1603 1951 1679 2001 mc·

261 2061 388 2120 morato
412 2061 504 2144 petro
528 2053 616 2144 quod
640 2075 702 2144 ego
726 2075 786 2144 pro
810 2053 857 2122 eis
880 2055 1053 2148 subscripsi
1078 2054 1109 2148 †

356 2175 473 2268 †sgo
497 2177 652 2247 iohannes
676 2177 762 2248 filius
787 2179 911 2250 domini
935 2181 1036 2252 cesari
1062 2183 1133 2253 testi
1158 2183 1331 2274 subscripsi
1356 2181 1386 2278 †

355 2298 387 2392 †
411 2323 472 2392 ego
496 2304 637 2373 stefanus
661 2301 746 2371 tilius
771 2303 893 2372 domini
918 2305 1066 2375 iohannis
1090 2305 1164 2375 testi
1187 2305 1408 2398 subscripsi†

356 2430 387 2523 †
413 2451 474 2519 ego
499 2440 607 2522 petros
632 2431 717 2502 filius
740 2432 863 2500 domini
888 2433 979 2502 basili
1005 2433 1077 2503 testi
1103 2433 1277 2526 subscripsi
1302 2431 1332 2526 †

314 2607 316 2612 .
354 2554 385 2647 †
408 2557 478 2649 Ego
501 2557 656 2630 lohannes
673 2559 813 2628 Cucislis
828 2559 994 2651 Complevi
1011 2567 1044 2628 et
1059 2559 1182 2632 absolvi
1198 2583 1256 2652 por
1272 2567 1448 2633 memorata
1475 2581 1558 2631 nom
1583 2557 1674 2628 indi-

261 2681 365 2752 ctione
389 2683 419 2776 †
