4906 6520
1391 642 1542 730 (ιη)

770 823 843 870 nreo
867 798 1041 890 espendi0:
1069 799 1299 867 Verumtamen
1324 794 1530 887 atsignastitis
1554 791 1636 862 mihi
1660 817 1679 860 a
1703 793 1756 863 die
1782 793 1937 883 presentis
1954 791 2036 862 idest
2061 802 2192 872 movilia

772 927 813 997 de
837 935 1013 994 memorata
1047 923 1181 992 ecclesia
1212 921 1246 988 in
1279 919 1393 1014 primis
1417 919 1498 990 idest
1521 919 1649 988 hunum
1673 937 1817 1010 pannum
1841 920 1931 1011 quod
1955 933 2003 990 est
2027 944 2191 996 osseca-um

771 1055 893 1124 bonum
918 1075 993 1122 cnm
1026 1076 1089 1123 una
1112 1050 1245 1119 sindone
1269 1045 1400 1118 insimul
1425 1043 1525 1116 abbos
1548 1049 1685 1136 desuper
1709 1043 1827 1112 altare:
1855 1057 1887 1114 et
1911 1069 2015 1116 unum
2040 1050 2192 1122 facieter-

773 1181 864 1271 gium
897 1179 1055 1249 stellatum
1086 1177 1284 1268 plumatum:
1313 1172 1464 1264 mappula
1498 1173 1619 1242 maiore
1647 1194 1723 1240 cum
1747 1179 1811 1240 tres
1835 1195 1947 1244 cruces
1969 1173 2008 1242 de
2027 1178 2188 1247 antisacu:

772 1324 805 1378 et
829 1310 927 1377 abum
951 1327 1085 1375 enseccu
1113 1302 1295 1395 pictulum:
1331 1311 1364 1370 at
1388 1311 1528 1393 quatuor
1553 1300 1703 1394 mappula
1732 1323 1808 1371 cam
1831 1324 1943 1372 cruces
1968 1305 2007 1374 de
2032 1305 2187 1378 lintiscn:

773 1447 808 1502 et·
838 1452 938 1502 unum
972 1429 1157 1500 turabulum
1189 1429 1229 1498 de
1260 1449 1408 1498 ramme:
1443 1437 1476 1494 et
1508 1425 1588 1498 duas
1612 1448 1745 1496 cruces:
1781 1449 1845 1496 una
1869 1451 1910 1498 ex
1934 1453 1972 1498 ea
1998 1432 2123 1501 terrea:
2158 1447 2190 1504 et

772 1559 833 1626 alia
857 1579 953 1626 erea:
980 1565 1013 1626 et
1036 1577 1102 1624 una
1126 1552 1299 1624 coronella.
1324 1553 1364 1622 de
1387 1574 1528 1622 ramme:
1554 1554 1703 1645 quaterni
1726 1552 1783 1623 dui
1807 1552 1847 1622 de
1871 1554 2042 1625 lestibitate
2067 1579 2189 1628 memo-

772 1699 840 1754 rate
864 1697 971 1754 sancte
996 1685 1149 1753 eufimie:
1175 1692 1207 1752 et
1230 1703 1332 1753 unum
1356 1691 1551 1774 quaternum
1574 1680 1732 1773 pictulum
1755 1681 1795 1750 de
1818 1683 1991 1752 lestibitate
2007 1687 2106 1754 sancti
2122 1713 2190 1760 cer-

772 1813 858 1880 basi:
884 1825 916 1880 et
933 1834 1034 1880 unum
1057 1808 1139 1878 liber
1163 1807 1315 1876 comitem
1332 1806 1514 1899 plenarium
1529 1827 1629 1874 manu
1646 1805 1800 1874 francisca
1815 1808 1949 1899 scripta:
1968 1809 2099 1879 calicem
2117 1835 2189 1882 san-

771 1951 859 2010 ctum
884 1941 922 2007 de
954 1949 1102 2027 stagnum
1134 1933 1229 2027 super
1260 1936 1481 2026 inargintatu:
1513 1957 1588 2004 cum
1613 1936 1720 2029 patina
1743 1958 1800 2006 sua
1824 1937 1864 2005 dc
1887 1945 2062 2028 stagnum:
2099 1965 2189 2010 sero-

772 2068 843 2136 lella
869 2065 986 2157 pictula
1011 2063 1074 2134 hab
1099 2087 1181 2155 aqna
1207 2059 1401 2130 santificata:
1429 2073 1465 2130 ut
1489 2085 1525 2130 ec
1550 2061 1700 2131 omnibus
1724 2062 1910 2132 memoratis
1934 2063 2058 2135 salbum
2082 2069 2187 2137 lacere

770 2192 930 2282 promicto
954 2189 988 2254 in
1013 2197 1189 2255 memorata
1213 2185 1361 2254 ecclesia:
1398 2189 1622 2257 tantummodo
1645 2188 1737 2257 omni
1761 2209 1866 2258 annue
1898 2189 2049 2259 omnibus
2077 2192 2188 2269 diebus

771 2322 836 2388 cite
861 2343 950 2386 meae
974 2317 1065 2385 vobis
1089 2316 1293 2407 posterisque
1317 2314 1432 2384 cestris
1448 2325 1480 2384 et
1495 2314 1530 2384 ln
1554 2327 1733 2385 memorato
1758 2329 1867 2386 sancto
1882 2331 1915 2388 et
1934 2320 2110 2389 venerabili
2127 2347 2188 2390 ve-

769 2457 834 2511 stro
859 2443 1053 2510 monasterio
1077 2440 1218 2530 dirigere
1243 2439 1417 2509 debeamus
1441 2439 1504 2507 dua
1519 2441 1610 2532 paria
1626 2440 1665 2508 de
1681 2440 1794 2510 oblate.
1811 2463 1915 2512 nuum
1939 2445 2063 2534 pariam
2079 2444 2113 2512 in
2129 2469 2188 2512 na-

767 2572 889 2640 tivitate
914 2567 1061 2638 domini:
1089 2577 1122 2636 et
1146 2565 1245 2634 alium
1262 2565 1390 2658 parium
1413 2565 1449 2632 in
1471 2576 1617 2633 sanctum
1634 2589 1740 2656 pasce:
1765 2577 1798 2637 et
1814 2567 1948 2635 minime
1963 2571 2184 2660 presnmmetis

767 2697 825 2764 bos
842 2705 897 2764 aut
921 2692 1056 2785 posteris
1073 2692 1186 2762 vestris
1200 2715 1251 2760 me
1267 2689 1384 2760 exinde
1399 2687 1478 2757 loris
1494 2691 1597 2760 eicere
1614 2703 1669 2761 ant
1684 2692 1825 2785 qualibet
1840 2693 2038 2763 sacerdotem
2055 2697 2107 2764 vel
2122 2697 2185 2766 cle-

766 2823 873 2891 ricum
898 2830 954 2890 aut
976 2818 1171 2888 monachum
1204 2841 1302 2910 super
1326 2840 1379 2888 me
1403 2818 1525 2908 ibidem
1549 2843 1668 2911 ponere
1697 2843 1754 2912 per
1778 2820 1905 2891 nullum
1929 2823 2064 2893 modum
2087 2824 2185 2892 cnctis

767 2947 881 3016 diebus
906 2945 970 3014 cite
993 2967 1106 3014 meae:
1131 2955 1203 3036 post
1227 2965 1307 3012 vcro
1322 2965 1434 3014 meum
1458 2944 1628 3014 transitum
1642 2955 1733 3014 cucta
1751 2955 1925 3015 memorata
1942 2947 2067 3039 integra
2085 2948 2185 3017 eccle-

764 3076 810 3143 sia
835 3085 967 3145 etcum
991 3074 1100 3142 omnia
1125 3081 1303 3143 memorata
1327 3097 1391 3166 quc
1414 3073 1496 3142 mibi
1519 3073 1727 3165 atsignastitis
1754 3085 1790 3143 ut
1813 3097 1908 3166 super
1932 3074 2049 3166 legitur
2075 3075 2109 3143 in
2129 3098 2185 3142 vc-

765 3209 830 3266 stra
854 3198 1033 3292 uestrisque
1057 3199 1194 3288 posteris
1216 3196 1421 3267 rebertantur
1444 3207 1477 3266 et
1499 3197 1541 3265 sit
1564 3205 1719 3288 potestate
1743 3197 1835 3268 cuius
1859 3197 1938 3267 iure.
1954 3220 2017 3266 exe
2034 3196 2182 3267 bidetnr:

722 3337 725 3344 ·
765 3325 842 3416 qnia
866 3325 910 3392 ita
934 3325 1027 3395 nubis
1051 3324 1237 3395 combonit:
1264 3327 1297 3396 si
1322 3337 1431 3396 antem
1455 3324 1589 3397 minime
1613 3325 1830 3419 adimplebero
1853 3325 1893 3394 de
1908 3325 1935 3396 is
1949 3325 2099 3394 omnibus
2113 3347 2184 3393 me-

765 3454 899 3522 moratis
924 3463 956 3520 et
978 3453 1013 3522 in
1037 3454 1151 3547 aliquit
1174 3455 1313 3523 ollensus
1337 3454 1429 3522 luero
1452 3475 1511 3546 per
1534 3451 1650 3546 quobis
1674 3451 1807 3522 modum
1830 3463 1885 3521 aut
1907 3451 2085 3522 summissis
2110 3473 2183 3543 per·

762 3578 850 3649 sonis
874 3587 929 3648 tuc
953 3599 1114 3670 compono
1138 3602 1200 3670 ego
1224 3577 1376 3650 omnibus
1391 3577 1505 3648 diebus
1528 3577 1594 3646 vite
1609 3597 1700 3646 meae
1717 3575 1811 3646 vobis
1827 3576 2049 3670 posterisque:
2068 3577 2181 3646 vmtris

761 3699 845 3770 idest
868 3702 939 3771 auri
961 3701 1082 3772 solidos
1105 3701 1221 3792 biginti
1244 3711 1403 3795 quactnor
1418 3699 1622 3794 bytbianteos
1637 3709 1669 3768 et
1685 3723 1720 3768 ec
1737 3697 1881 3769 chartula
1897 3709 1934 3769 at
1948 3721 2044 3792 super
2065 3698 2183 3791 legitur

763 3832 804 3900 sit
819 3833 913 3902 firma
936 3832 1055 3926 scripta
1078 3854 1137 3924 per
1161 3851 1294 3899 mannan
1308 3828 1406 3921 sergii
1421 3828 1552 3898 curialis
1567 3851 1625 3922 per
1640 3837 1817 3900 memorata
1832 3837 1946 3921 quarta
1961 3825 2136 3898 indictione
2152 3827 2181 3921 †

856 3962 887 4054 †
911 3984 973 4056 ego
997 3961 1123 4054 sergius
1147 3959 1316 4055 presbyter
1336 3956 1512 4053 subscripsi
1536 3955 1566 4050 †

855 4091 886 4184 †
909 4111 971 4180 ego
994 4089 1134 4160 cesarius
1158 4087 1244 4158 filius
1268 4087 1392 4158 domini
1415 4084 1514 4182 sergii
1538 4083 1688 4158 monachi
1701 4093 1832 4180 rogatus
1849 4085 2096 4178 usuprascripto
2112 4105 2181 4154 scr-

759 4218 817 4307 gio
841 4215 1028 4310 presbytero
1049 4213 1124 4286 lesti
1147 4214 1320 4309 subscripsi
1343 4215 1373 4310 †

857 4334 973 4432 Jsago
996 4339 1150 4414 iohannes
1173 4341 1258 4416 filius
1282 4338 1406 4416 domini
1429 4339 1491 4412 elia
1514 4349 1646 4433 rogabas
1671 4362 1689 4406 a
1711 4339 1929 4433 suprascripto
1965 4339 2073 4432 sergio
2097 4359 2178 4430 pre-

759 4465 891 4559 sbytero
915 4467 989 4539 testi
1014 4470 1187 4564 subscripsi
1211 4469 1242 4565 †

855 4592 885 4686 †
908 4618 970 4690 ego
992 4607 1103 4691 petrns
1126 4597 1210 4670 lilius
1233 4597 1357 4668 domini
1380 4593 1464 4690 petri
1490 4603 1622 4690 rogatus
1641 4619 1659 4666 a
1675 4595 1893 4690 suprascripto
1907 4592 2015 4686 sergio
2041 4589 2176 4686 presby-

759 4727 828 4788 tero
853 4721 926 4798 testi
949 4721 1123 4818 subscripsi
1147 4721 1178 4818 †
2128 4706 2130 4709 ⁵

852 4843 881 4938 †
903 4850 975 4943 Ego
997 4852 1122 4946 sergius
1152 4849 1486 4944 danielis-complevi
1514 4858 1546 4920 et
1569 4847 1693 4928 avsolvi
1718 4848 1769 4920 die
1794 4855 1826 4926 et
1850 4846 2027 4929 indictione
2052 4864 2175 4916 memo

754 4983 823 5044 rata
848 4987 962 5070 quarta
986 4979 1018 5074 †
