4876 6520
875 601 1021 774 ¹(fill

938 955 1029 1030 CCV.

368 1207 459 1305 †ln
482 1211 615 1282 nomine
638 1209 763 1282 domini
787 1209 840 1282 dei
864 1211 1032 1282 salvatoris
1063 1211 1165 1281 nostri
1188 1211 1260 1283 iesu
1282 1209 1407 1281 christi.
1443 1208 1539 1282 Anno
1569 1207 1610 1282 ab
1633 1211 1691 1281 in·
1770 1216 1823 1264 ³¹1·

265 1339 456 1412 carnatione
480 1336 606 1408 domini
629 1337 874 1430 nungentesimo
897 1337 1115 1432 octoagesimo
1144 1345 1249 1409 sexto.
1282 1361 1383 1431 quam
1412 1348 1446 1409 et
1469 1338 1584 1431 quinto
1609 1361 1693 1408 anno
1747 1327 1834 1387 986.

270 1465 471 1561 principatus
496 1464 622 1536 domini
645 1463 816 1536 landenolfi
839 1463 1098 1536 excellentissimi
1128 1465 1281 1557 principis
1306 1488 1415 1535 mense
1439 1464 1554 1557 aprelis
1589 1487 1694 1557 quar-

271 1591 430 1660 tadecima
461 1587 605 1660 indictio.
638 1588 708 1660 Nec
738 1610 804 1657 non
835 1599 868 1656 et
898 1596 991 1658 sexto
1014 1610 1099 1658 anno
1119 1587 1244 1656 domini
1272 1587 1409 1660 adenolfi
1431 1589 1555 1681 egregii
1581 1588 1694 1660 archi-

272 1716 419 1806 presulis.
443 1737 511 1809 quo
534 1712 747 1788 deoiubente
770 1720 878 1784 sancte
902 1733 1046 1805 capuane
1069 1711 1152 1784 sedis
1176 1710 1378 1803 archipresul
1402 1721 1605 1784 consecratus
1629 1725 1688 1784 est.

271 1837 363 1908 Sicut
395 1839 549 1907 canonica
582 1835 749 1906 continent
781 1838 919 1907 decreta.
951 1835 1033 1904 nulli
1064 1834 1189 1906 licitum
1213 1845 1263 1904 cst
1285 1834 1484 1930 ubicumque
1508 1846 1694 1908 construere

271 1985 477 2057 quecumque
500 1963 652 2033 oratoria.
676 1963 799 2056 absque
822 1960 939 2032 notitia
962 1971 995 2032 et
1010 1961 1139 2032 licentia
1163 1961 1407 2054 archiepiscopi.
1431 1963 1523 2033 cuius
1541 1964 1695 2034 diocesim

272 2085 448 2163 subiacent.
464 2107 540 2156 nam
563 2107 676 2158 omnes
702 2085 835 2157 ecclesie
857 2093 1041 2180 cunctaque
1057 2085 1207 2155 oratoria.
1223 2084 1258 2154 in
1275 2084 1401 2156 dicione
1416 2085 1534 2157 debent
1557 2107 1624 2156 esse
1644 2109 1696 2158 ar·

275 2189 475 2306 cbipresulis.
499 2211 534 2281 in
557 2213 823 2295 cuiusdiocesim
840 2234 908 2283 esse
924 2212 1085 2284 videntur.
1110 2212 1333 2296 Quamobrem
1349 2235 1408 2283 nos
1423 2213 1598 2306 prephatus
1622 2213 1699 2283 ade-

274 2340 382 2420 nolfus
406 2339 676 2434 archiepiscopus.
701 2350 768 2412 tam
793 2339 1057 2433 archiepiscopali
1081 2340 1272 2410 anctoritate
1295 2340 1380 2410 fulti.
1404 2363 1504 2432 quam
1528 2361 1698 2432 precesso-

273 2456 356 2536 rum¹
379 2476 569 2540 nostrorum
591 2467 697 2537 secuti
730 2467 906 2560 exemplar.
939 2467 998 2559 qui
1030 2466 1185 2557 plurimas
1218 2465 1366 2534 ecclesias
1399 2465 1516 2536 liberas
1540 2467 1696 2536 lecerunt.

275 2599 409 2684 precatu
432 2593 573 2663 auloaldi
598 2593 836 2663 archiadiaconi
871 2593 974 2660 nostri
1007 2591 1115 2661 dilecti
1142 2613 1218 2662 cum
1243 2612 1400 2660 consensu
1424 2591 1628 2662 sacerdotum
1663 2614 1700 2659 ac

276 2719 460 2788 levitarum.
484 2727 734 2812 ceterorumque
758 2718 912 2790 ordinum
935 2716 1141 2790 clericorum.
1171 2741 1229 2812 per
1245 2717 1328 2789 ‘hoc
1352 2727 1501 2790 nostrum
1525 2719 1700 2790 roboreum

274 2854 463 2938 preceptum
487 2845 703 2915 concessimus
728 2855 764 2916 ut
788 2845 923 2917 ecclesia
938 2869 1038 2940 quam
1055 2855 1090 2916 tu
1108 2846 1240 2916 domina
1265 2846 1374 2917 aloara
1391 2847 1593 2918 serenissima
1607 2849 1701 2940 prin-

275 2969 400 3061 cipissa.
416 2979 449 3040 et
472 2971 634 3063 predictus
659 2969 809 3040 dominus
832 2968 1035 3042 landenollus
1059 2971 1250 3063 magnificus
1274 2973 1423 3064 princeps
1442 2983 1515 3042 tuus
1532 2971 1617 3042 filius
1635 2997 1701 3042 vo-

275 3093 391 3164 cabulo
414 3098 515 3164 sancti
540 3095 692 3165 laurenfii
716 3095 814 3167 levite
840 3103 873 3166 et
896 3095 1040 3164 martiris
1063 3096 1150 3165 intus
1173 3096 1270 3168 istam
1293 3121 1472 3189 capuanam
1493 3099 1657 3169 civitatem
1685 3127 1703 3170 a

274 3220 361 3288 nobo
383 3219 568 3289 fundamine
589 3221 826 3288 construxistis.
839 3242 901 3311 pro
917 3221 1141 3314 redemptione
1166 3221 1348 3292 animarum
1373 3231 1558 3294 vestrarum
1583 3235 1616 3319 et
1639 3227 1704 3296 do-

274 3347 354 3416 mini
377 3343 507 3438 paldolfi
531 3344 685 3437 principis
708 3353 741 3414 et
764 3344 963 3417 marchionis
987 3354 1020 3418 et
1044 3345 1169 3416 domini
1193 3347 1324 3418 landolfi
1350 3351 1505 3442 principis
1530 3363 1564 3422 et
1583 3353 1704 3426 domini

275 3472 405 3542 atenolfi
427 3469 625 3540 marchionis
649 3481 682 3540 et
707 3469 830 3542 domini
854 3471 988 3563 paldolfi
1011 3471 1179 3564 principis.
1215 3483 1247 3544 et
1271 3475 1396 3545 domini
1421 3475 1554 3547 landolfi
1578 3487 1610 3546 et
1635 3479 1702 3548 do-

275 3597 356 3668 mini
381 3595 497 3688 gisolfi.
529 3598 567 3664 ln
598 3619 665 3689 qua
696 3595 796 3666 etiam
828 3595 1002 3668 cenobium
1026 3596 1196 3666 serborurn
1223 3597 1274 3668 dei
1295 3600 1510 3690 preordinasti
1535 3601 1576 3670 sit
1600 3603 1704 3671 abso-

277 3727 342 3795 lute
375 3725 476 3794 libera
508 3722 624 3792 amodo
656 3733 688 3790 et
712 3721 862 3816 deinceps
893 3723 933 3792 ab
957 3723 1048 3794 omni
1072 3724 1262 3797 condicione
1288 3724 1571 3819 archiepiscopalis
1596 3729 1704 3800 domi·
1800 3815 1812 3832 ι

275 3851 414 3920 nationis
437 3871 513 3920 cunr
537 3848 686 3919 omnibus
701 3849 799 3919 rebus
815 3860 848 3919 et
863 3850 1063 3942 pertinentiis
1078 3853 1144 3921 suis
1162 3853 1231 3923 sive
1248 3875 1330 3946 quas
1346 3853 1485 3923 interius
1504 3852 1704 3928 declaramus
1797 3829 1801 3836 Ι

277 3975 632 4067 sire'quascocumque
644 3973 746 4042 'modo
761 3975 801 4042 ad
817 3973 1052 4064 possessionem
1070 3973 1212 4066 predicte
1233 3975 1386 4046 ecclesiae
1402 3975 1472 4046 eius
1488 3987 1630 4049 rectores
1649 3981 1705 4052 ad-

280 4124 345 4197 que
361 4101 508 4171 custodes
533 4098 700 4194 acquirere
724 4099 888 4192 potuerint
911 4107 960 4170 set
984 4099 1069 4171 exis
1093 4123 1158 4193 que
1173 4123 1259 4171 nunc
1283 4103 1425 4194 possidet
1440 4103 1565 4198 aliquas
1590 4107 1703 4178 nomi·

278 4252 393 4300 namus
408 4228 443 4298 in
467 4229 577 4321 primis
602 4229 685 4320 ipsas
710 4237 810 4298 terras
834 4237 867 4297 et
890 4249 999 4320 preses
1023 4229 1386 4323 quomodo'circunrdat
1413 4253 1465 4300 eas
1489 4256 1602 4302 murus
1626 4258 1702 4306 cunr

279 4377 346 4426 uno
360 4355 540 4448 pedeextra
557 4354 661 4444 ipsum
677 4375 808 4424 murum
820 4355 942 4446 appede
958 4355 999 4425 de
1015 4377 1114 4428 manu
1130 4355 1277 4428 landonis
1293 4357 1430 4429 senioris
1442 4357 1591 4428 castaldei
1608 4383 1701 4430 men-

277 4489 388 4550 surato
412 4481 446 4548 in
470 4477 588 4573 quibus
610 4477 711 4571 presis
735 4503 778 4548 ox
803 4478 945 4570 predicta
969 4478 1103 4550 ecclesia
1127 4489 1310 4552 constructa
1326 4493 1359 4552 et
1375 4485 1555 4554 mansiones
1574 4485 1614 4553 ad
1629 4481 1697 4552 uti-

281 4607 371 4676 litate
393 4604 459 4674 illic
482 4607 753 4676 commorantium
769 4607 941 4680 sorborum
957 4607 1009 4678 dei
1026 4610 1187 4704 simulque
1204 4635 1279 4682 cum
1299 4613 1449 4682 omnibus
1465 4614 1559 4683 terris
1575 4612 1610 4680 in
1626 4612 1698 4682 loco

282 4732 467 4804 terrunianu
495 4742 527 4802 et
551 4755 625 4802 cunr
649 4736 738 4805 omni
763 4746 853 4827 parte
877 4739 915 4808 de
939 4737 1071 4809 ecclesia
1095 4741 1195 4810 sancti
1219 4740 1338 4812 nazarii
1363 4755 1544 4810 constructa
1568 4742 1601 4808 in
1619 4765 1699 4833 pre-

283 4858 373 4928 dicto
397 4855 469 4924 loco
492 4857 677 4927 ferroniano
701 4883 758 4929 seu
784 4871 816 4932 et
837 4863 971 4956 integris
994 4865 1145 4936 omnibus
1170 4866 1339 4938 territoriis
1357 4867 1484 4936 deloco
1511 4866 1702 4938 ubidicitur

280 4981 550 5077 vigintiquinque
582 4981 617 5054 in
646 4983 763 5056 finibus
795 4985 913 5061 liburie
946 5011 1046 5083 quam
1076 4999 1108 5062 ct
1131 4989 1240 5062 inclita
1264 5001 1350 5062 sorte
1375 4991 1414 5061 de
1439 4995 1531 5062 terris
1556 5003 1587 5062 ct
1611 4993 1700 5065 sitris
