4876 6520
910 637 989 735 (⁰³
1014 641 1031 730 )

276 807 373 880 luerit
396 803 468 876 talis
491 801 613 875 ibidem
637 823 697 896 per
712 821 772 873 vos
788 805 823 872 et
838 821 896 895 per
910 807 1035 872 vestros
1059 802 1169 874 eredes
1192 802 1361 876 ordinetur
1385 803 1514 898 qualem
1537 804 1599 876 sihi
1616 827 1696 877 con-

277 931 423 1026 gregatio
446 927 589 1023 elegerit.
603 925 727 998 nullam
751 924 915 997 dationem
938 907 995 996 aut
1019 947 1154 998 munera
1178 927 1296 998 exinde
1319 927 1518 1020 recipientes.
1542 936 1575 1000 et
1591 951 1650 1000 nos
1665 939 1698 1002 et

276 1059 396 1151 posteri
418 1057 523 1129 nostri
540 1053 641 1150 gratis
656 1075 882 1126 consecremus
896 1075 961 1126 eos.
977 1055 1085 1138 Quam
1100 1043 1235 1149 quidem
1250 1063 1360 1126 nostre
1377 1053 1586 1126 absolutionis
1604 1079 1698 1126 emu-

279 1187 417 1256 nitatem
440 1211 460 1255 a
482 1183 574 1256 nullo
597 1207 641 1254 ex
663 1182 781 1254 nostris
803 1181 965 1254 remoberi
989 1182 1225 1268 successoribus
1250 1206 1310 1276 per
1331 1185 1429 1254 deum
1445 1182 1699 1276 omnipotentem

279 1310 431 1405 simplum
455 1319 487 1382 et
510 1311 634 1382 trinum
658 1311 795 1405 eiusque
817 1331 930 1381 omnes
961 1316 1087 1381 sanctos
1116 1310 1313 1380 adinramus.
1343 1307 1475 1379 setheo
1499 1309 1629 1380 libertas
1654 1311 1698 1379 ita

278 1435 465 1532 incorrupta
489 1442 521 1505 et
536 1433 734 1506 inbiolahihs
756 1433 949 1527 permanead
967 1441 1037 1502 uta
1060 1431 1151 1502 nullo
1175 1455 1354 1528 numquam
1378 1434 1621 1505 commobeatur
1645 1443 1701 1505 aut

277 1559 499 1651 disrumpatur
522 1565 555 1627 et
577 1557 738 1629 neminem
763 1579 806 1626 ex
829 1556 881 1626 bis
912 1579 978 1650 que
1001 1553 1036 1624 in
1058 1553 1204 1648 predicto
1241 1556 1435 1627 monasterio
1469 1555 1700 1627 conbersautur

275 1683 328 1753 vel
351 1706 393 1754 ex
415 1681 600 1776 presbiteris
623 1680 682 1775 qui
705 1681 740 1750 iu
763 1677 904 1750 ecclesiis
928 1677 1072 1749 eiusdem
1095 1677 1221 1748 cenobii
1245 1679 1396 1758 subiectis
1414 1679 1555 1750 ordinati
1578 1683 1701 1754 luerint

275 1809 328 1882 sel
352 1807 562 1882 deserbierint
584 1830 650 1878 non
673 1806 849 1877 habeamus
872 1826 931 1876 nos
955 1811 1012 1874 aut
1034 1825 1232 1876 successores
1255 1803 1358 1872 nostri
1380 1803 1543 1878 licentiam
1566 1830 1698 1879 escom-

275 1931 441 2004 munieare
464 1931 553 2026 quod
576 1931 603 2001 si
627 1929 789 2026 quispiam
813 1936 1019 2024 presumptor
1043 1929 1245 2025 dirrumpere
1270 1929 1333 2000 hoc
1357 1929 1512 2002 libertatis
1542 1932 1699 2026 scriptum

278 2057 448 2152 inprimis
480 2055 651 2128 imetimus
683 2079 760 2128 eum
783 2053 915 2127 vinculo
952 2052 1164 2126 anathematis
1196 2055 1303 2149 adque
1335 2076 1397 2148 pro
1424 2062 1555 2148 peracto
1582 2053 1702 2126 scelere

276 2180 363 2252 sciad
385 2202 420 2252 se
443 2180 701 2274 compositurum
724 2179 797 2252 auri
820 2177 985 2272 purissimi
1007 2177 1105 2250 libras
1127 2177 1245 2273 viginti
1267 2178 1302 2248 in
1324 2179 1468 2274 predicto
1497 2193 1608 2250 sancto
1639 2203 1701 2252 ce-

278 2305 376 2378 nobio
399 2313 432 2377 et
454 2314 492 2377 ut
513 2306 555 2376 ab
578 2307 624 2379 eis
646 2307 711 2377 hoc
733 2305 892 2380 libertatis
914 2303 1070 2400 scriptum
1093 2307 1315 2377 incunctanter
1338 2305 1500 2378 credatur.
1519 2305 1626 2400 sigillo
1641 2329 1702 2377 uo-

277 2425 344 2505 stro
368 2433 550 2504 continente
573 2433 749 2526 imaginem
775 2433 877 2504 sancti
899 2431 1046 2526 stephani
1069 2432 1223 2503 iussimus
1252 2430 1397 2521 sigillari.
1421 2454 1521 2524 wem
1553 2432 1703 2504 uidelicet

277 2555 432 2628 libertatis
456 2557 689 2629 absolutionem
712 2556 772 2626 tibi
795 2555 929 2626 iohanni
952 2553 1158 2624 subdiacono.
1183 2552 1369 2647 primicerio
1397 2563 1430 2625 et
1452 2554 1700 2627 bibliothecario

279 2692 399 2784 nostro
414 2683 553 2754 scribere
568 2685 782 2778 precepimus.
798 2704 858 2752 nec
881 2703 948 2752 non
962 2687 995 2751 et
1010 2681 1151 2775 propriis
1168 2680 1325 2752 manibus.
1341 2683 1520 2754 sacerdotes
1537 2683 1701 2778 reliquos-

278 2833 345 2908 que
376 2809 479 2880 cleros
511 2817 638 2880 nostros
661 2832 695 2880 se
718 2807 919 2880 subscribere
948 2807 1111 2881 iussimus.
1138 2816 1171 2882 et
1188 2832 1250 2903 pro
1272 2811 1516 2896 confirmatione
1544 2812 1702 2906 supradi-

278 2945 406 3008 ctorum
429 2934 586 3006 omniurn.
602 2935 781 3006 secundum
794 2931 1057 3006 consuetudinem
1071 2941 1306 3027 preceptorum.
1321 2956 1421 3006 manu
1436 2944 1546 3007 nostra
1561 2935 1702 3007 subscri-

279 3062 412 3156 psimus.
438 3061 524 3134 Actu
546 3062 654 3156 Capua
677 3063 712 3134 in
736 3061 950 3134 saeratissimo
972 3059 1246 3154 archiepiscopatu
1270 3061 1414 3132 feliciter.

374 3183 406 3278 †
428 3209 491 3278 ego
514 3186 572 3279 qui
595 3207 691 3278 supra
716 3184 882 3254 auloaldns
905 3183 1158 3255 archidiaconus.
1183 3207 1226 3254 ex
1249 3183 1392 3256 iussione
1416 3185 1540 3258 domini
1565 3187 1702 3260 adenolfi

279 3307 510 3402 archiepiscopi
532 3329 587 3378 me
609 3305 783 3400 subscripsi
1585 3284 1587 3288 ’

371 3433 402 3529 †
425 3457 487 3529 ego
510 3441 621 3530 petrns
650 3435 804 3508 diaconus
828 3456 871 3506 ex
894 3433 1036 3506 iussione
1064 3434 1187 3508 domini
1218 3434 1356 3508 adenolfi
1387 3436 1618 3534 archiepiscopi
1650 3463 1703 3512 me

279 3559 453 3654 subscripsi

373 3683 404 3780 †
428 3705 490 3778 ego
512 3684 566 3754 leo
589 3683 753 3756 daconu
777 3706 820 3755 ex
842 3681 984 3758 iussione
1008 3683 1133 3756 domini
1156 3683 1294 3757 adenolfi
1309 3682 1541 3778 archiepiscopi
1559 3709 1612 3758 me
1627 3690 1704 3760 sub-

280 3809 393 3903 scripsi

376 3932 493 4028 †ego
522 3941 592 4005 toto
624 3933 872 4028 archipresbiter
902 3957 946 4008 ex
968 3934 1110 4006 iussione
1141 3937 1264 4007 domini
1297 3939 1436 4010 adenolfi
1470 3939 1701 4037 archiepiscopi

282 4083 335 4132 ms
359 4056 532 4152 subscripsi

376 4186 408 4284 †
429 4186 584 4260 iohannes
607 4183 763 4282 presbiter
785 4193 819 4258 et
841 4183 1046 4282 primicerius
1060 4209 1103 4258 ex
1117 4186 1260 4261 iussione
1275 4190 1398 4264 domini
1415 4192 1552 4267 adenolti
1576 4194 1703 4268 arehie-

283 4313 406 4409 piscopi
430 4337 482 4386 me
506 4311 680 4406 subscripsi

294 4435 300 4447 '
374 4439 490 4535 †ego
513 4437 699 4531 bonipertus
730 4433 888 4530 presbiter
911 4457 953 4510 ex
976 4433 1117 4510 iussione
1140 4434 1264 4511 domini
1297 4439 1435 4513 adenolfi
1470 4443 1702 4540 archiepiscopi

283 4587 336 4639 ms
359 4562 531 4657 subscripsi

374 4683 405 4780 †
428 4707 490 4778 ego
514 4685 689 4757 audoaldus
711 4685 904 4759 subiaconus
926 4711 969 4760 ex
992 4685 1132 4760 iussione
1156 4687 1278 4759 domini
1301 4689 1439 4762 adenolti
1470 4691 1701 4786 archiepiscopi

284 4833 338 4884 me
361 4807 533 4904 subscripsi
1176 4835 1178 4838 ·
