4876 6520
1388 563 1401 658 (
1424 571 1470 634 ⁶⁶
1495 565 1512 655 )

744 731 777 802 ei
810 725 999 799 monasterii
1031 721 1142 794 omnia
1175 741 1241 814 que
1278 717 1372 790 robis
1402 718 1569 812 placuerit.
1600 739 1658 789 aen
1691 727 1725 787 et
1756 717 1947 788 ollernimm
1977 717 2013 789 in
2042 723 2169 814 prelato

745 865 858 926 noeto
889 850 1087 924 monasterio
1118 857 1152 920 et
1183 847 1224 917 ad
1247 846 1383 939 eiusque
1413 843 1582 912 abbatibus
1612 841 1666 912 vel
1693 842 1881 912 custodibus
1908 865 1970 938 pro
1999 845 2168 920 ammabus

750 979 885 1048 nostris:
914 977 997 1046 duos
1025 974 1145 1043 lcnbes
1169 994 1247 1041 cum
1269 969 1434 1064 paraturie
1456 969 1497 1039 de
1519 967 1680 1037 boterita
1712 977 1750 1036 nt
1776 965 1940 1037 licentiam
1963 979 1996 1039 et
2018 981 2167 1064 potata-

748 1105 958 1178 temabeant
988 1102 1057 1194 ipea
1084 1102 1170 1181 duos
1200 1097 1321 1168 luntres
1351 1095 1387 1165 in
1415 1093 2168 1196 ipeolagodepatriapiscareintotaipsa

749 1257 834 1328 aqua
867 1233 907 1302 de
929 1228 1070 1323 qualiter
1099 1224 1149 1294 illi
1181 1223 1345 1292 boloerint
1375 1221 1498 1316 above
1530 1221 1771 1292 connarietate.
1798 1221 1922 1316 abaque
1944 1227 2168 1300 contrarietate

747 1347 1327 1430 nostraetdencstrlsberedibus.
1359 1369 1419 1417 aen
1451 1344 2166 1442 etdequalisemnqneperrcmonrioum.

747 1481 910 1573 simulw
931 1476 1122 1548 offeruimus
1143 1474 1179 1544 in
1202 1477 1328 1567 prelato
1347 1473 1484 1544 cenobio
1497 1473 1575 1568 ipsis
1592 1477 1686 1545 terris
1700 1474 1823 1546 nostris
1838 1475 1969 1569 quantis
1983 1476 2078 1548 nobis
2093 1489 2169 1550 stant

747 1607 941 1703 petinentes
963 1603 1106 1674 deloco
1125 1600 1326 1672 ubidicitur
1346 1601 1450 1672 casale
1472 1600 1562 1673 ianni
1583 1601 1834 1696 etnbimmqne
1855 1602 1973 1674 exinde
1996 1605 2166 1676 ithum

750 1728 1306 1822 dederitineodemlocis.quam
1336 1728 1654 1800 etollernimosin
1684 1728 2166 1821 predictonoetrocenobimn

751 1861 853 1932 sancti
874 1856 1025 1928 laurentii
1049 1867 1135 1928 terre
1157 1866 1191 1926 et
1212 1856 1284 1948 ripe
1315 1864 1350 1925 ct
1379 1873 1463 1948 aqua
1491 1877 1558 1948 que
1587 1877 1656 1926 esse
1680 1855 1812 1926 bidetur
1836 1857 1878 1927 de
1900 1855 1972 1950 ipsc
1994 1857 2087 1928 laneo
2108 1857 2167 1929 ubi

749 1985 868 2058 dicitur
890 1981 1072 2052 bucaaotre
1094 1989 1133 2049 nt
1155 1979 1320 2049 licentiam
1342 1987 1375 2048 et
1396 1989 1586 2072 potestatem
1609 1977 1729 2050 abeatis
1752 1989 1878 2072 prieur
1899 1980 2036 2072 predicti
2051 2003 2166 2052 mona-

752 2114 843 2186 sterit
865 2121 898 2184 et
921 2111 985 2180 illis
1007 2107 1173 2180 omimbns
1195 2106 1255 2200 qni
1278 2115 1312 2176 et
1334 2128 1394 2177 vos
1416 2105 1585 2178 volueritis
1608 2130 1651 2178 ex
1672 2118 1812 2200 utraque
1834 2108 1914 2201 ripis
1937 2107 1977 2178 de
1990 2109 2061 2202 ipsa
2082 2131 2165 2203 aqna

753 2247 788 2309 et
810 2237 905 2308 terris
927 2236 968 2306 de
991 2235 1062 2327 ipso
1083 2232 1178 2302 laneo
1200 2241 1234 2300 et
1256 2229 1379 2303 ibidem
1401 2232 1551 2301 fossatam
1573 2231 1713 2302 mittere.
1729 2241 1764 2302 et
1777 2231 1936 2304 molinum
1958 2233 2079 2305 ibidem
2095 2236 2166 2308 edi·

750 2367 848 2438 ficare
872 2361 1011 2458 qualiter
1032 2359 1149 2430 melius
1172 2358 1343 2452 potueritis
1373 2369 1407 2430 et
1436 2357 1604 2428 boloeritis
1625 2368 1660 2429 et
1681 2379 1758 2430 enm
1781 2359 1902 2430 ibidem
1925 2359 2021 2432 abere
2044 2360 2164 2456 absque

749 2490 975 2563 contrarietate
1006 2493 1116 2556 nostra
1148 2495 1181 2554 ct
1210 2485 1250 2556 de
1280 2483 1398 2552 nostris
1424 2478 1597 2553 heredibus
1618 2505 1674 2553 sen
1699 2483 1739 2554 de
1762 2483 2008 2579 qualiscumque
2029 2508 2163 2578 wenna

750 2617 908 2688 ommmn.
932 2613 1054 2683 lterum
1070 2617 1110 2678 et
1132 2608 1321 2678 offeruimus
1337 2607 1372 2677 in
1388 2609 1512 2701 prelato
1527 2615 1638 2678 sancto
1660 2608 1856 2679 monasterio
1877 2631 1983 2680 naum
2006 2611 2164 2684 lamnlmn

750 2760 862 2810 menna
886 2733 1015 2806 nomine
1038 2733 1160 2808 leolum
1183 2753 1261 2802 cum
1282 2731 1395 2801 decem
1410 2731 1514 2823 capita
1529 2730 1570 2801 de
1584 2731 1727 2804 intuente
1741 2753 1813 2804 mee
1828 2753 2027 2828 tangnenare
2043 2745 2076 2807 et
2089 2759 2164 2812 cam

749 2864 884 2956 triginta
907 2861 1017 2931 modia
1041 2861 1082 2931 de
1105 2859 1174 2952 ipsa
1197 2867 1283 2926 terra
1306 2856 1347 2928 de
1369 2865 1466 2948 pratu
1481 2877 1547 2949 qne
1561 2853 1680 2926 dicitur
1702 2858 1900 2950 sangoioitn.
1926 2859 1984 2931 ubi
2000 2860 2087 2954 ipsos
2102 2864 2164 2936 tol-

749 2993 816 3064 lere
838 2989 1016 3061 bclneritis.
1041 2986 1155 3057 abente
1176 3007 1239 3078 pro
1265 3005 1333 3054 nno
1360 3005 1492 3078 quoqne
1522 2985 1633 3059 modio
1662 2987 1702 3058 de
1730 2987 1799 3080 ipsa
1822 2995 1908 3059 terra
1930 2991 2164 3066 rationabiliter

749 3123 784 3191 in
807 3119 944 3210 longum
976 3135 1086 3208 passos
1118 3111 1249 3203 triginta
1272 3125 1305 3182 et
1335 3135 1393 3207 per
1416 3115 1509 3186 amba
1542 3115 1614 3208 capi
1643 3115 1792 3186 similiter
1812 3139 1921 3209 passos
1952 3119 2008 3190 alii
2031 3121 2162 3214 triginta

749 3243 791 3314 ad
815 3263 943 3334 passum
967 3237 1099 3308 landoni
1120 3235 1240 3308 seniori
1255 3236 1385 3309 castaldi
1399 3247 1629 3307 mensuratum.
1652 3237 1750 3308 etiam
1766 3247 1798 3309 et
1812 3241 1999 3312 offeruimus
2013 3265 2074 3336 pro
2091 3243 2162 3316 ani·

749 3364 864 3437 mdes
886 3362 1004 3432 noscis
1027 3359 1165 3453 eliquata
1189 3369 1276 3431 terra
1299 3371 1332 3431 et
1354 3381 1447 3455 presa
1471 3369 1598 3431 nesea„
1614 3362 1654 3432 de
1677 3363 1745 3454 ipsa
1768 3363 1872 3456 platea
1886 3365 2013 3459 publica
2029 3365 2066 3436 in
2080 3391 2162 3462 poa-

749 3493 817 3562 lato
845 3486 1047 3558 monasterio
1071 3484 1128 3580 qui
1160 3495 1208 3555 eet
1234 3487 1322 3556 loras
1353 3486 1459 3578 ipsum
1482 3486 1603 3579 pariete
1625 3489 1760 3581 predicti
1783 3490 1883 3592 nosci
1906 3493 2101 3563 monasterii.
2125 3503 2162 3565 ut

748 3615 914 3687 licentiam
938 3623 971 3683 et
995 3623 1182 3705 potestatem
1210 3612 1325 3684 abeant
1346 3621 1471 3707 partem
1493 3613 1628 3708 predicti
1651 3617 1835 3688 monasterii
1855 3627 1889 3689 et
1909 3617 1979 3689 eius
1993 3617 2161 3694 abbatibus

748 3741 855 3836 adque
888 3737 1069 3810 rectoribus
1093 3741 1198 3810 lacere
1229 3749 1262 3808 et
1293 3737 1441 3809 edificare
1471 3738 1506 3808 in
1536 3739 1647 3810 eadem
1674 3749 1761 3810 terra
1795 3763 1860 3834 que
1891 3751 1940 3812 est
1970 3745 2159 3816 coniummn

747 3885 823 3935 cnm
846 3863 918 3955 ipsa
942 3862 1032 3932 silice
1055 3871 1089 3931 et
1111 3868 1160 3931 est
1182 3861 1391 3931 coniunctum
1413 3883 1490 3934 cum
1512 3859 1657 3956 predicto
1679 3885 1776 3933 muro
1798 3865 1857 3958 qui
1878 3866 2058 3938 circumdat
2078 3893 2159 3962 pre-

749 3991 840 4060 dicto
862 3989 1070 4060 monasterio.
1096 3997 1130 4058 et
1152 3997 1201 4059 est
1223 3987 1325 4059 latum
1356 3987 1492 4082 pedibus
1523 4011 1582 4061 sex
1609 3998 1643 4060 et
1663 3989 1752 4062 badit
1774 3989 1909 4086 longum
1932 4005 2090 4087 quantum
2112 4007 2160 4067 eet

747 4116 818 4208 ipse
840 4137 936 4184 muro
960 4113 1000 4184 de
1022 4115 1240 4207 suprascripto
1262 4116 1474 4186 monasterio.
1496 4116 1602 4186 iacere
1625 4123 1657 4186 et
1674 4116 1827 4188 edificare
1852 4119 1969 4210 potelre
1991 4131 2025 4191 et
2046 4123 2159 4194 eadem

748 4236 866 4328 potelre
890 4234 986 4306 abere
1009 4247 1043 4305 et
1065 4235 1227 4307 ominibus
1250 4237 1309 4332 qui
1331 4249 1365 4309 et
1386 4247 1478 4332 parte
1499 4237 1636 4331 predicti
1658 4241 1843 4310 monasterii
1866 4241 1913 4312 ibi
1928 4245 2095 4336 posuerint
2119 4249 2160 4319 ad

750 4361 937 4433 abitandum
960 4361 1082 4433 nullam
1106 4366 1363 4439 contrarietatem
1385 4365 1507 4436 ibidem
1519 4366 1669 4437 iacientes
1684 4365 1805 4461 absque
1823 4369 2001 4464 quamlibet
2022 4396 2160 4466 persona

750 4487 866 4559 omini.
891 4510 949 4558 een
973 4498 1006 4559 et
1029 4490 1174 4562 dedimus
1198 4500 1231 4562 et
1253 4491 1441 4564 offeruimus
1463 4491 1499 4562 in
1522 4493 1720 4564 monasterio
1742 4495 1843 4568 sancti
1861 4495 2011 4570 laurentii
2034 4498 2075 4572 de
2090 4501 2160 4596 ipsa

745 4624 832 4685 terra
856 4623 889 4686 et
910 4613 992 4686 silba
1015 4627 1123 4686 nostra
1147 4638 1212 4711 qne
1236 4616 1368 4686 abemus
1390 4616 1425 4686 in
1449 4615 1522 4686 loco
1535 4615 1592 4688 nbi
1615 4619 1735 4690 dicitnr
1747 4619 1801 4690 bia
1815 4621 1933 4694 monde
1957 4623 1992 4694 in
2014 4623 2159 4718 longitu-

750 4739 825 4811 dine
840 4765 949 4836 passos
963 4752 1130 4814 trecentos.
1149 4754 1182 4814 et
1195 4765 1256 4837 pro
1270 4743 1441 4817 latitudine
1459 4765 1567 4838 passos
1582 4755 1720 4819 centum.
1737 4749 1777 4819 ad
1793 4751 2045 4846 suprascriptum
2061 4777 2157 4847 passu

750 4876 981 4939 mensuratum.
1013 4869 1145 4941 insimul
1171 4893 1247 4941 cum
1269 4871 1400 4963 triginta
1422 4873 1526 4944 acrole
1548 4881 1581 4944 et
1605 4875 1672 4946 duo
1694 4873 1791 4947 berri
1820 4873 1881 4948 bec
1904 4880 2012 4952 omnia
2036 4903 2155 4976 eupra-
