4906 6520
1351 629 1485 728 (aaa)

1288 929 1293 944 '
1334 915 1529 989 dcxxxlv.

584 1204 643 1251 an.
748 1161 751 1169 λ
806 1177 836 1272 †
859 1179 897 1248 ln
919 1175 1052 1250 nomine
1073 1169 1203 1245 domini
1223 1169 1278 1240 dei
1299 1167 1471 1239 salvatoris
1484 1166 1590 1236 nostri
1603 1164 1699 1236 lhesu
1723 1161 1847 1235 Christi
1868 1165 2053 1258 Imperante
2074 1172 2141 1243 do-

570 1313 657 1376 994.
713 1307 806 1377 mino
829 1311 940 1373 nostro
962 1299 1078 1369 basilio
1102 1317 1222 1388 magno
1245 1297 1444 1386 fflperatore
1471 1315 1557 1362 anno
1580 1291 1744 1360 tricesimo
1767 1299 1885 1384 quarto
1917 1293 1974 1363 sed
1997 1303 2031 1363 et
2054 1317 2139 1365 oon-

714 1433 854 1502 stantino
878 1450 1019 1522 mangno
1043 1429 1241 1518 Imperatore
1264 1423 1364 1492 lrater
1386 1419 1455 1491 eius
1479 1442 1564 1489 anno
1589 1419 1751 1490 tricesimo
1774 1421 1917 1512 primmo
1941 1421 1994 1492 die
2018 1419 2135 1491 hocta-

713 1556 755 1625 ha
771 1553 895 1624 decima
919 1549 1038 1624 mensis
1053 1548 1162 1644 aprilis
1176 1547 1351 1619 indictione
1373 1547 1510 1637 septima
1532 1545 1684 1638 neapoli:
1715 1544 1842 1615 lllerissi
1857 1545 2027 1617 divisionis
2052 1547 2134 1618 lacta

717 1705 736 1746 a
761 1701 814 1748 me
846 1679 954 1771 sergio
986 1674 1054 1746 lilio
1077 1673 1212 1769 quidem
1243 1671 1392 1744 iohannis
1419 1672 1593 1743 surrentini
1616 1669 1810 1742 habitatores
1834 1669 1870 1741 in
1892 1671 1966 1741 loco
1991 1675 2050 1766 qui
2075 1696 2136 1744 no-

716 1802 861 1872 minatur
885 1799 1044 1871 duliolum
1076 1797 1116 1866 de
1149 1796 1291 1890 integras
1313 1796 1392 1866 duas
1417 1795 1531 1865 domos
1555 1805 1588 1864 et
1613 1794 1654 1863 dc
1685 1795 1846 1889 pischinas
1868 1803 1994 1865 nostras
2017 1797 2136 1889 positas

717 1949 800 1998 vero
833 1927 868 1996 in
903 1925 978 2022 vico
1008 1921 1068 2018 qui
1097 1920 1286 1992 nominatur
1316 1919 1456 1990 formelli
1483 1920 1616 2014 regione
1638 1919 1859 2013 apostolorum
1882 1943 1964 2014 quas
1987 1920 2132 1992 dividere

718 2055 808 2124 visus
832 2075 905 2122 sum
928 2050 992 2120 hoc
1016 2049 1122 2119 estin
1146 2051 1319 2121 secundam
1343 2057 1453 2141 parte:
1476 2048 1561 2118 inter
1584 2071 1637 2118 me
1661 2057 1694 2117 et
1716 2058 1748 2117 te
1772 2046 1923 2119 videlicet
1945 2058 2039 2142 petro
2065 2065 2137 2122 ute-

717 2183 791 2251 rino
815 2203 969 2274 germano
993 2200 1092 2246 meo:
1116 2178 1156 2249 de
1180 2201 1245 2273 qua
1269 2151 1512 2267 exindc'tctigit
1534 2177 1569 2244 in
1593 2175 1653 2244 ista
1677 2175 1815 2246 secunda
1839 2175 1987 2268 portione
2012 2187 2044 2246 te
2059 2201 2134 2248 me-

716 2320 847 2382 morato
870 2317 963 2403 petro
988 2329 1142 2400 germano
1166 2306 1230 2376 hoc
1253 2313 1301 2376 est
1323 2305 1450 2398 integra
1467 2327 1533 2374 una
1549 2303 1589 2373 de
1605 2329 1647 2374 ex
1663 2304 1730 2396 ipse
1746 2303 1860 2380 domui
1876 2328 1950 2375 cum
1975 2307 2138 2401 integrum

581 2521 583 2526 ,
715 2461 819 2508 unum
844 2459 957 2507 arcum
981 2433 1113 2503 insimul
1135 2432 1345 2504 coniunctum
1367 2433 1458 2502 iuxta
1482 2454 1579 2502 muro
1602 2431 1734 2524 publico
1757 2455 1815 2502 seu
1838 2443 1872 2503 et
1890 2458 1956 2506 una
1978 2437 2134 2509 inferiora

719 2575 753 2636 et
777 2564 947 2658 superiora
970 2561 1103 2655 propria
1127 2583 1200 2630 mea
1223 2559 1395 2629 memorati
1426 2559 1525 2652 sergii
1548 2558 1607 2652 qui
1630 2567 1677 2628 est
1701 2569 1825 2651 aparte
1842 2563 2022 2633 euridicen
2043 2565 2138 2634 sicuti

719 2691 803 2760 inter
827 2689 896 2781 ipsa
920 2689 1057 2758 domum
1076 2709 1142 2778 que
1165 2684 1272 2776 teligit
1297 2685 1331 2753 in
1354 2683 1504 2776 portione
1526 2683 1666 2752 secunda
1689 2693 1722 2753 et
1745 2681 1830 2753 inter
1849 2695 2028 2757 memorata
2049 2687 2131 2760 inle-

715 2816 803 2886 riora
826 2821 860 2882 et
882 2812 1049 2906 superiora
1072 2809 1205 2904 propria
1220 2833 1292 2880 mea
1307 2810 1481 2880 memorati
1495 2809 1593 2902 sergii
1609 2809 1743 2880 inferius
1759 2820 1792 2879 et
1808 2813 1956 2905 superius
1972 2813 2058 2884 inter
2079 2838 2137 2884 nos

716 2943 804 3012 clusa
828 2950 861 3010 et
884 2941 1030 3032 singnate
1055 2939 1196 3009 exfinant
1220 2947 1252 3008 et
1276 2940 1443 3032 quomodo
1467 2939 1589 3008 ibidem
1611 2937 1779 3008 internos
1803 2939 1871 3032 ipsa
1894 2939 1984 3010 clusa
2006 2952 2040 3012 et
2070 2965 2139 3013 mc-

716 3073 842 3136 morate
866 3065 1013 3158 singnato
1037 3063 1180 3132 exfinant
1202 3063 1244 3132 sit
1267 3057 1351 3132 inter
1374 3077 1545 3133 memoratu
1568 3061 1703 3132 inferius
1728 3070 1761 3130 ct
1784 3061 1932 3154 superius
1956 3067 2140 3138 communi-

716 3202 768 3264 ter
791 3193 940 3264 claudere
962 3191 1136 3271 debeamus
1160 3191 1469 3283 quomodocumque
1490 3191 1694 3282 potuerimus
1718 3190 1759 3260 ad
1781 3191 1873 3260 omni
1888 3214 2061 3264 commune
2078 3217 2137 3266 ex·

586 3407 587 3411 η
717 3319 875 3414 pendium
897 3318 962 3388 hoc
986 3325 1035 3385 est
1058 3341 1077 3384 a
1101 3326 1306 3411 terrausque
1322 3317 1362 3386 ad
1386 3318 1633 3388 sternimentum
1657 3325 1689 3387 ct
1711 3297 1753 3388 da
1766 3319 2013 3392 sternimentum
2037 3345 2139 3416 usque

719 3448 759 3516 ad
785 3417 909 3516 tectum
931 3445 992 3516 hec
1011 3467 1091 3516 vero
1115 3444 1225 3538 portio
1247 3445 1386 3516 secunda
1417 3469 1482 3516 una
1506 3469 1583 3516 cum
1607 3447 1787 3540 aspectibus
1811 3457 1844 3516 et
1868 3472 1944 3520 cum
1968 3449 2140 3521 introitum

718 3599 812 3648 suum
836 3575 1055 3669 omnibusque
1079 3573 1142 3644 sivi
1165 3571 1408 3666 pertinentibus.
1432 3574 1519 3645 unde
1542 3575 1583 3643 ad
1606 3569 1711 3646 vicem
1735 3576 1851 3646 exinde
1876 3577 1982 3669 tetigit
2005 3577 2041 3647 in
2060 3601 2137 3671 por-

711 3704 808 3772 tione
841 3700 982 3794 primma
1013 3697 1075 3767 alia
1103 3722 1168 3768 una
1191 3698 1231 3766 de
1257 3707 1450 3769 memoratas
1475 3700 1591 3770 domos
1614 3700 1739 3771 inclitas
1763 3704 1852 3798 quod
1875 3713 1923 3771 est
1947 3703 2082 3804 inferius
2106 3714 2139 3773 et

718 3830 866 3924 superius
889 3852 954 3900 una
978 3851 1054 3898 oum
1078 3827 1196 3920 grados
1220 3849 1295 3896 suos
1318 3826 1482 3920 pretineos
1506 3835 1541 3895 et
1561 3837 1609 3898 est
1622 3829 1715 3899 iuxta
1728 3829 1841 3900 hortui
1854 3829 1979 3933 domini
1994 3831 2138 3923 gregorii

718 3957 779 4028 lilii
803 3959 967 4050 quondam
992 3943 1116 4028 domini
1139 3956 1209 4026 ursi
1233 3952 1407 4025 castaldei:
1436 3963 1469 4023 ct
1491 3979 1583 4026 secus
1607 3957 1768 4050 pischinas
1792 3967 1917 4028 nostras
1941 3981 2138 4030 communa-

718 4084 781 4152 lis:
806 4091 839 4152 et
862 4085 920 4176 qni
943 4081 1053 4152 tulerit
1076 4091 1255 4152 memorata
1279 4081 1420 4172 primma
1441 4081 1592 4175 portione
1615 4085 1784 4154 refundere
1808 4085 1923 4154 debeat
1946 4093 1979 4154 at
2002 4085 2063 4154 ista
2087 4107 2137 4154 se-

720 4208 824 4277 cunda
848 4205 1007 4298 portione.
1031 4206 1117 4275 ldest
1140 4203 1212 4273 auri
1236 4199 1299 4273 tari
1323 4205 1432 4275 hocto.
1457 4206 1607 4296 portione
1631 4227 1710 4276 vero
1735 4217 1859 4278 nostras
1884 4207 1924 4278 de
1947 4216 2140 4276 memoratas

719 4334 858 4427 piscinas
882 4352 958 4399 cum
983 4330 1084 4400 atrios
1108 4353 1184 4400 suos
1209 4353 1285 4401 cum
1309 4331 1460 4402 omnihus
1483 4333 1547 4402 sivi
1569 4332 1803 4424 pertinentibus
1827 4335 1977 4429 quisunt
2000 4343 2074 4405 ante
2099 4357 2140 4405 ex

720 4462 788 4556 ipsa
813 4461 948 4530 domum
972 4460 1011 4529 de
1035 4458 1185 4550 portione
1209 4459 1351 4552 primma
1373 4470 1598 4531 remanserunt
1620 4460 1706 4532 inter
1729 4463 1823 4534 nohis
1847 4464 2031 4558 nostrisque
2047 4464 2141 4534 here-

722 4586 818 4656 dibus
841 4581 1073 4656 communalis:
1100 4582 1134 4651 Si
1159 4581 1233 4674 quis
1257 4591 1366 4652 autem
1389 4607 1432 4652 ex
1453 4583 1546 4654 nobis
1563 4585 1614 4655 vel
1630 4584 1807 4657 heredibus
1824 4588 1904 4658 meis
1920 4589 2038 4683 quohis
2053 4599 2142 4660 tem-

719 4736 799 4807 pore
823 4721 935 4785 eontra
959 4711 1043 4784 hanc
1067 4711 1246 4782 chartulam
1270 4713 1403 4783 merisse
1427 4711 1594 4785 divisionis
1617 4723 1655 4784 ut
1678 4737 1776 4805 super
1800 4715 1919 4808 legitur
1936 4717 2048 4788 venire
2065 4738 2139 4811 pre-

720 4843 893 4938 sumpserit
923 4868 981 4938 per
1013 4842 1132 4938 quobis
1160 4841 1296 4911 modum
1321 4851 1377 4912 ant
1400 4843 1579 4914 summissis
1603 4843 1749 4936 personis
1774 4853 1852 4914 tunc
1876 4851 2049 4938 componat
2073 4845 2142 4938 ipsc

720 4982 753 5044 et
777 4971 910 5044 heredes
934 4973 1005 5046 eius
1031 4975 1072 5046 ad
1097 4995 1173 5042 eum
1198 4973 1257 5068 qni
1277 4971 1360 5044 hanc
1376 4971 1566 5044 divisionem
1581 4973 1803 5047 observaverit
1818 4975 1952 5069 eiusque
1966 4973 2139 5048 heredibus
