4906 6520
873 739 1014 838 (ιω)

237 930 297 1003 per
328 923 511 1000 numquam
543 923 729 998 presummo
763 923 826 996 ego
858 911 916 976 sut
946 900 1123 977 heredibus
1150 903 1232 976 meis
1260 907 1372 978 ment
1396 898 1568 980 heredebus
1589 911 1655 983 tuis

237 1033 354 1110 exinde
379 1051 517 1127 querere
550 1049 609 1123 per
639 1028 767 1101 nudum
795 1028 932 1105 modum
953 1051 1014 1104 nec
1036 1049 1095 1125 per
1118 1031 1299 1105 summissis
1321 1030 1469 1126 personis
1491 1055 1512 1102 s
1533 1056 1598 1108 nuc
1621 1047 1655 1108 ct

235 1157 439 1258 inperpetnis
471 1153 698 1252 temporibnsc
730 1159 765 1224 et
795 1153 916 1228 smodo
948 1163 982 1227 et
1013 1175 1141 1250 semper
1168 1156 1205 1228 in
1227 1157 1456 1254 turmisque:
1480 1159 1656 1237 heredibus

233 1289 301 1362 siut
323 1288 516 1383 potestatem
538 1304 669 1382 queque
692 1282 812 1358 exinde
834 1285 941 1358 iecere
963 1281 1154 1356 volueritisc
1191 1283 1326 1380 insuper
1346 1285 1509 1379 promicto
1531 1289 1593 1364 sibi
1616 1301 1655 1364 ut

234 1417 264 1487 si
287 1411 404 1512 quohis
428 1399 586 1510 prtem
607 1418 642 1484 ts
664 1418 722 1484 cuc
743 1408 919 1484 heredibus
941 1409 1008 1482 duis
1029 1409 1149 1484 exinde
1171 1418 1204 1483 at
1226 1413 1429 1509 querendum
1451 1413 1581 1490 honeris
1596 1437 1656 1511 per

235 1563 290 1614 mc
314 1549 372 1613 cut
396 1563 456 1637 per
476 1560 570 1615 meos
601 1536 738 1612 heredes
766 1550 847 1610 tnnc
873 1557 937 1630 ego
963 1543 999 1610 et
1019 1533 1196 1614 heredibus
1218 1539 1301 1616 meis
1322 1559 1476 1636 personas
1498 1541 1572 1616 ides
1593 1542 1662 1616 bibi

234 1663 389 1761 tuisque:
425 1660 601 1737 heredibus
628 1661 748 1736 exinde
775 1662 916 1756 desuper
945 1659 1060 1734 tollere
1090 1661 1266 1736 debemus
1289 1684 1411 1760 esquec
1435 1665 1532 1740 omui
1550 1675 1660 1741 vesus

234 1791 431 1864 emmeno
454 1765 602 1890 queso
625 1789 723 1864 none
746 1789 927 1863 eunocum
949 1799 1019 1864 ee:
1043 1789 1079 1861 ss
1102 1797 1212 1864 auom
1235 1807 1298 1884 030
1314 1797 1371 1862 sut
1383 1789 1558 1866 hrono
1572 1796 1656 1870 mes

233 1920 353 2014 qucbis
376 1929 527 2016 tempore
549 1926 665 1994 contre
688 1941 749 1990 unc
772 1915 919 1990 chartule
939 1923 978 1988 nt
991 1937 1090 2011 super
1104 1915 1225 2010 legitur
1238 1917 1352 1990 benire
1365 1921 1661 2014 presumpserimus

234 2053 269 2116 et
290 2045 327 2115 iu
350 2044 471 2142 aliquis
502 2043 620 2118 offensi
650 2043 814 2118 fuerimus
846 2063 907 2136 per
930 2038 1050 2136 quohis
1070 2037 1207 2112 modum
1230 2046 1288 2111 aus
1309 2039 1489 2114 summissis
1511 2043 1658 2138 personis

233 2178 315 2242 tunc
337 2189 502 2264 compono
533 2191 596 2265 ego
628 2177 662 2242 et
687 2167 862 2242 heredibus
884 2167 968 2240 meis
990 2167 1052 2238 eibi
1077 2167 1221 2262 tuisqnes
1244 2165 1418 2240 heredibus
1440 2168 1513 2242 suri
1535 2169 1657 2244 solidos

233 2293 353 2388 viginti
375 2291 541 2392 quadruos
562 2289 772 2387 bythianteos
794 2297 829 2362 et
849 2287 911 2362 hec
933 2285 1082 2362 chartsdn
1103 2296 1141 2358 nt
1155 2308 1253 2382 snper
1267 2285 1389 2385 legitur
1404 2289 1447 2362 sit
1460 2289 1555 2364 firme
1569 2292 1652 2366 scri·

233 2427 290 2513 pte
313 2440 374 2514 per
395 2437 531 2490 menum
553 2413 638 2510 petri
660 2413 790 2488 curialis
813 2437 873 2511 per
895 2422 1076 2488 memoratu
1098 2415 1270 2489 undecimo
1291 2415 1470 2491 indictione
1492 2415 1525 2513 †

333 2539 407 2610 Hoc
433 2539 565 2634 signum
587 2533 620 2632 †
641 2558 759 2614 munus
789 2547 972 2613 memorato
998 2537 1156 2636 scephnno
1182 2561 1261 2614 cum
1287 2559 1446 2614 consensu
1473 2547 1651 2617 memorate

226 2665 355 2780 'sehictc
378 2665 519 2762 coniuge
541 2684 602 2741 sue
624 2665 716 2763 quod
737 2683 800 2762 ego
821 2664 883 2762 qui
905 2671 1102 2737 memoratos
1124 2685 1186 2760 pro
1208 2664 1257 2738 eis
1279 2664 1455 2761 subscripsi
1479 2663 1511 2761 †

331 2792 452 2888 †egc
473 2788 634 2866 iohannes
663 2787 751 2864 iilius
782 2788 909 2864 domiui
935 2787 1053 2870 sonui
1074 2797 1209 2886 rogetus
1230 2811 1251 2860 s
1272 2789 1507 2914 suprffscriptos
1528 2788 1652 2888 iugdee
1807 2830 1810 2834 ·

234 2920 311 2994 testi
333 2917 510 3015 subscripsi
532 2917 567 3018 †
719 2993 723 3006 ,
840 2953 845 2966 ·
1480 3007 1487 3012 Π

331 3046 364 3145 †
385 3071 448 3145 ego
473 3056 585 3144 petrus
607 3043 694 3124 filim
716 3047 842 3122 domiui
863 3045 996 3144 gregori
1018 3051 1152 3144 rogetus
1174 3069 1195 3121 s
1214 3046 1448 3146 supruoipcos
1461 3043 1587 3144 iugules
1601 3053 1651 3120 tc·

230 3176 278 3250 so
301 3173 476 3269 auceps
499 3173 532 3270 †
578 3193 582 3202 ⁴

332 3303 364 3400 †
386 3325 449 3399 ego
470 3302 628 3378 iohunnes
650 3301 737 3376 iilius
759 3301 883 3374 domini
906 3302 991 3395 petri
1013 3308 1149 3395 rogetus
1170 3324 1191 3373 u
1213 3302 1448 3396 suprascriptos
1462 3298 1586 3394 iugules
1601 3303 1651 3370 te-

230 3432 280 3506 sti
304 3429 480 3526 subscripsi
502 3428 535 3526 †
1260 3429 1265 3440 '

330 3555 363 3652 †
385 3561 457 3653 Ego
479 3566 590 3654 petros
613 3557 750 3630 humulis
773 3565 847 3653 post
860 3553 1129 3650 subscriptionem
1142 3555 1273 3629 ossium
1286 3541 1455 3650 compleri
1469 3562 1504 3628 et
1519 3553 1645 3634 absolvi

228 3709 295 3784 per
317 3693 493 3758 memorate
517 3683 689 3760 undecima
713 3685 888 3758 indictione
912 3685 945 3781 †
