4876 6520
1432 625 1446 719 (
1470 632 1512 696 ³⁸
1538 625 1556 718 )

786 807 896 858 meum
919 790 1121 856 revertantur
1137 783 1171 854 in
1188 787 1367 854 memorato
1380 789 1492 854 sancto
1505 789 1538 854 et
1550 777 1728 852 venerabili
1742 789 1850 850 vestro
1866 782 2063 854 monasterio
2077 782 2203 854 obitum

786 924 823 982 ut
854 935 957 1005 super
981 911 1121 1006 legitur:
1149 910 1225 1004 quia
1241 912 1286 981 ito
1300 908 1382 980 mibi
1405 931 1491 982 vona
1514 909 1689 980 voluntatis
1713 906 1858 1002 placuit:
1882 911 1911 980 si
1934 919 2042 981 sutem
2066 933 2129 1004 ego
2153 923 2208 984 out

786 1031 958 1102 heredibus
980 1030 1062 1100 meis
1086 1029 1179 1100 aliter
1202 1029 1371 1100 fecerimus
1395 1029 1436 1100 de
1459 1029 1510 1098 bis
1534 1030 1684 1100 omnibus
1707 1029 1894 1098 memoratis
1919 1039 1956 1100 ut
1975 1051 2071 1122 super
2086 1031 2206 1124 legitur

785 1178 845 1248 per
859 1154 975 1248 quobis
990 1155 1124 1226 modum
1140 1154 1384 1224 autsummissis
1408 1155 1552 1246 personis
1575 1161 1652 1224 tunc
1675 1154 1900 1246 componimus
1915 1157 2008 1226 vobis
2027 1158 2205 1251 vestrisque

785 1282 923 1374 posteris
947 1289 979 1350 et
1001 1283 1036 1352 in
1059 1288 1239 1350 memorato
1261 1287 1371 1348 sancto
1394 1287 1427 1347 et
1451 1277 1627 1350 venerabili
1651 1288 1757 1350 restro
1781 1280 1977 1352 monaster-io
1993 1283 2064 1352 auri
2083 1283 2203 1354 solidos

786 1417 914 1480 centum
939 1407 1154 1502 bytbiunteos:
1178 1415 1211 1477 et
1235 1430 1272 1478 ec
1294 1406 1441 1478 chartula
1463 1408 1641 1482 offertionis
1657 1418 1693 1480 ut
1707 1431 1804 1502 super
1823 1407 1943 1502 legitur
1958 1409 2000 1480 sit
2015 1411 2107 1484 firmo
2125 1414 2204 1484 scri-

786 1544 838 1626 pte
871 1556 928 1626 per
960 1553 1092 1604 manum
1125 1531 1274 1604 iohannis
1305 1533 1470 1627 scriptoris
1498 1531 1656 1626 discipulo
1689 1533 1813 1606 domini
1842 1533 1941 1626 sergii
1964 1535 2124 1620 tsbulmio
2147 1563 2204 1632 por

785 1666 962 1728 memoratu
986 1655 1163 1730 indictione
1186 1657 1217 1752 †

878 1783 940 1854 boc
964 1783 1094 1876 signum
1118 1781 1148 1875 †
1171 1803 1286 1854 monus
1300 1790 1481 1855 memorato
1499 1781 1655 1878 stephano
1670 1783 1757 1878 quod
1772 1805 1835 1878 ego
1851 1807 1911 1878 pro
1926 1809 1967 1857 eu
1981 1785 2155 1882 subscripsi
2170 1787 2201 1884 †

879 1909 910 2003 †
944 1929 1006 2000 ego
1037 1914 1146 2001 petrus
1179 1908 1262 1982 filius
1291 1909 1417 1982 domini
1444 1907 1593 1981 iohannis
1624 1919 1756 2004 rogetus
1786 1933 1805 1977 s
1836 1912 2051 2005 suprascripto
2079 1916 2202 1984 steiorm

785 2035 859 2104 testi
882 2033 1055 2128 subscripsi
1080 2035 1111 2130 †
1538 2109 1540 2112 .

882 2160 912 2255 †
936 2182 999 2254 ego
1018 2159 1175 2232 ¹iobunnes
1199 2159 1283 2232 filius
1311 2161 1434 2232 domini
1462 2163 1606 2260 gregorii
1633 2173 1767 2258 rogitus
1790 2189 1809 2234 a
1831 2165 2047 2261 suprescripto
2079 2169 2202 2242 stefano

787 2281 859 2360 testi
883 2289 1057 2382 subscripsi
1080 2289 1111 2385 †

880 2416 998 2511 †ego
1021 2419 1146 2512 sergius
1179 2417 1265 2490 filius
1295 2417 1418 2491 domini
1449 2417 1601 2492 iohannis
1631 2429 1763 2518 rogans
1790 2446 1809 2493 n
1838 2424 2055 2518 suprascripto
2077 2427 2200 2498 auimo

786 2543 859 2614 testi
882 2541 1056 2637 subscripsi
1078 2541 1110 2638 †

878 2671 909 2765 †
933 2669 1005 2764 Ego
1028 2668 1183 2742 iohannes
1206 2671 1328 2746 dudum
1344 2673 1481 2766 scriptor
1495 2693 1582 2744 uunc
1595 2693 1675 2746 vero
1691 2670 1828 2749 Coriolis
1843 2673 2012 2772 Compleri
2026 2687 2060 2752 et
2073 2678 2197 2762 absolvi

783 2817 842 2888 per
864 2795 924 2868 iou
948 2795 982 2866 in
1005 2819 1069 2892 qua
1093 2818 1238 2871 summus
1261 2797 1498 2894 quintadecima
1521 2796 1696 2874 indictione
1719 2799 1751 2896 †
