4876 6520
906 627 919 725 t
940 635 985 702 ⁴⁵
1010 629 1027 720 )

884 913 1051 987 oxcvrn.

340 1167 433 1264 †ln
454 1166 591 1240 nomine
610 1165 734 1238 domini
757 1163 810 1238 dei
832 1165 999 1238 salvatoris
1022 1165 1124 1236 nerui
1147 1164 1244 1238 ihesn
1266 1163 1384 1236 Christi
1407 1163 1587 1259 imperante
1611 1163 1669 1234 do·
1734 1191 1790 1240 an.

244 1297 336 1368 mino
358 1302 470 1366 nostro
493 1288 611 1363 basilio
631 1311 753 1383 magno
776 1288 974 1382 Imperatore
997 1309 1083 1361 enno
1105 1285 1261 1360 vicesimo
1286 1287 1385 1359 tertie
1398 1288 1456 1359 sed
1469 1295 1502 1359 et
1516 1293 1668 1358 constan·
1719 1305 1808 1368 983.

243 1421 313 1494 tino
335 1419 435 1492 frater
457 1419 527 1492 eius
548 1439 669 1512 magno
691 1417 890 1511 Imperatore
913 1437 999 1486 anno
1023 1397 1177 1486 vicesimo
1201 1414 1254 1484 die
1269 1414 1384 1484 octaba
1400 1413 1667 1486 decime-mensis

243 1543 355 1640 aprilis
378 1542 553 1615 indictione
575 1539 747 1614 undecima
769 1537 923 1632 neapoli:
960 1536 1092 1608 Certum
1115 1546 1165 1608 est
1187 1559 1241 1610 me
1265 1536 1400 1632 paulum
1424 1537 1527 1610 filium
1555 1560 1669 1632 quon-

245 1667 322 1742 dam
344 1665 492 1738 iohannis
515 1665 555 1736 de
579 1664 748 1759 pacificum
771 1685 791 1732 a
815 1660 952 1755 presenti
976 1660 1028 1732 vhe
1052 1659 1268 1754 promtissima
1292 1661 1471 1734 volumtate
1485 1659 1668 1732 venundedi
1788 1705 1794 1714 -

246 1802 280 1866 et
301 1791 417 1865 tradidi
438 1789 533 1864 vobis
556 1801 649 1884 petro
670 1788 738 1861 tilio
769 1784 873 1857 boniti
896 1763 938 1856 ¹et
969 1785 1193 1857 theodonenda
1220 1783 1343 1877 iugales
1373 1785 1456 1856 idest
1487 1809 1552 1857 nna
1583 1787 1670 1880 petia

248 1917 289 1991 de
312 1925 396 1988 terra
419 1936 491 1986 mea
514 1913 619 2007 posita
642 1912 684 1984 ed
706 1912 921 1984 marsicanum
938 1911 978 1982 ad
992 1919 1138 1983 senebrm
1161 1931 1286 1982 sonsum
1309 1933 1374 1982 una
1398 1933 1474 1982 cum
1498 1913 1669 1985 arboribus

247 2051 279 2115 et
299 2040 470 2113 introitum
493 2062 590 2113 sunm
604 2048 637 2112 et
651 2039 804 2110 omnibns
826 2037 889 2110 sivi
913 2037 1146 2132 pertinentibus
1170 2036 1342 2109 coherente
1360 2037 1421 2109 sivi
1439 2039 1481 2108 eh
1496 2060 1561 2111 nna
1577 2047 1670 2134 parte

246 2177 332 2241 terra
355 2173 411 2238 tue
433 2175 467 2238 et
490 2154 534 2240 de
554 2163 702 2262 germem'
725 2163 775 2236 tui
793 2163 881 2236 etde
897 2162 1030 2236 heredes
1053 2165 1217 2260 qnondam
1240 2163 1381 2237 cinnami
1405 2165 1500 2236 etde
1524 2185 1592 2235 uno
1615 2189 1671 2236 oa·

245 2291 467 2387 pite'coheret
488 2299 575 2363 terra
599 2299 680 2364 tua:
707 2298 741 2362 et
763 2290 804 2362 de
827 2287 893 2358 elin
914 2285 1014 2360 latere
1036 2286 1170 2360 coberet
1202 2293 1288 2360 terre
1320 2287 1467 2382 stephani
1490 2288 1670 2384 presbyteri

247 2415 358 2512 nepoti
379 2437 456 2488 meo
486 2415 583 2487 sicuti
604 2415 688 2486 inter
711 2435 745 2485 se
770 2413 907 2484 roseas
930 2418 963 2481 et
985 2410 1069 2505 sepis
1101 2407 1245 2479 exfinat:
1280 2410 1377 2481 etde
1407 2410 1471 2479 alia
1492 2419 1582 2503 parte
1606 2433 1670 2480 co-

249 2540 343 2613 beret
365 2549 451 2612 terra
473 2549 581 2612 vestra
608 2548 641 2612 et
667 2538 835 2610 modicum
864 2535 905 2604 de
928 2541 1035 2604 sanstn
1050 2533 1152 2603 meria
1166 2532 1231 2604 had
1247 2532 1452 2626 paradisum:
1481 2534 1567 2604 unde
1590 2531 1671 2604 nihil

250 2667 332 2740 mihi
355 2667 472 2744 exinde
496 2667 628 2761 aliquod
659 2663 815 2736 remansit
848 2670 904 2734 aut
933 2657 1096 2732 resorberi
1126 2659 1251 2732 necin
1281 2660 1383 2732 atiena
1411 2683 1546 2755 persona
1577 2683 1671 2732 com·

253 2791 330 2866 misi
353 2797 530 2886 potestate:
557 2799 606 2860 set
628 2811 669 2858 av
693 2786 825 2859 odierna
841 2785 893 2858 die
909 2793 942 2856 et
958 2783 1107 2876 deinceps
1130 2783 1279 2855 iamdicta
1298 2765 1482 2856 'memorate
1496 2785 1582 2878 petia
1596 2809 1669 2858 mea

252 2913 294 2986 de
318 2919 497 2984 memorata
520 2918 607 2982 terra
629 2931 695 2980 una
718 2930 797 2979 cnm
819 2906 992 2978 arboribus
1014 2915 1046 2978 et
1070 2905 1241 2979 introitum
1265 2898 1364 2978 suuna'
1386 2917 1418 2980 et
1441 2909 1592 2980 omnibns
1612 2909 1673 2980 sivi

251 3037 487 3134 pertinentibus
511 3043 669 3132 quatenus
692 3035 787 3106 vobis
809 3034 879 3106 iiias
895 3057 955 3129 per
968 3041 1162 3106 memoratas
1185 3035 1387 3106 coherentias
1409 3034 1571 3106 insinuavi
1586 3036 1671 3108 ucat

252 3166 400 3260 superins
422 3163 541 3256 legitur
564 3187 583 3232 a
605 3185 658 3234 me
681 3161 774 3232 vobis
797 3162 839 3231 sit
862 3161 1065 3232 venundatos·
1084 3168 1117 3230 et
1140 3160 1272 3232 traditu
1303 3161 1339 3232 in
1362 3171 1467 3233 vestre
1491 3163 1673 3258 vestrisque

253 3289 430 3362 heredibus
449 3287 515 3360 sint
534 3294 692 3380 potestate
726 3309 856 3380 queque
886 3285 1004 3358 exinde
1039 3286 1144 3358 iacere
1168 3277 1345 3379 {volueritis
1369 3288 1504 3362 liberam
1528 3289 1674 3363 babeatis

251 3425 432 3512 potestate:
468 3423 503 3488 et
532 3439 638 3511 neque
670 3439 689 3486 a
721 3439 775 3487 me
809 3437 915 3510 nequo
948 3415 1071 3487 eureis
1094 3415 1268 3488 heredibus
1290 3417 1343 3490 vel
1367 3442 1387 3490 e
1410 3419 1503 3492 nobis
1527 3421 1673 3514 personis

251 3543 432 3617 summissis
454 3542 544 3616 nulio
569 3551 717 3638 tempore
742 3563 924 3637 numquam
955 3565 1015 3614 vos
1038 3551 1096 3614 aut
1117 3540 1252 3614 heredes
1276 3544 1390 3615 vestris
1413 3546 1503 3640 qnod
1524 3547 1609 3616 obsit
1633 3571 1673 3616 a·

252 3668 354 3741 beatis
376 3647 494 3742 exinde
517 3667 727 3762 requisitione
750 3673 806 3736 ent
828 3663 973 3736 molestia
997 3664 1038 3736 ha
1063 3688 1149 3736 nunc
1173 3675 1206 3738 et
1222 3666 1257 3735 in
1272 3668 1435 3761 perpetuis
1451 3669 1671 3762 temporibus:

249 3798 386 3890 insuper
409 3794 500 3866 omni
523 3801 668 3886 tempore
692 3815 754 3886 ego
777 3801 810 3863 et
832 3791 968 3864 heredes
992 3791 1072 3864 meis
1096 3792 1211 3866 exinde
1236 3793 1276 3864 eb
1300 3793 1414 3864 bomni
1438 3793 1575 3866 homine
1603 3817 1677 3866 om-

251 3923 355 4018 nique
377 3943 514 4016 persona
537 3919 636 3991 vobis
654 3919 832 4012 vestrisque
864 3918 1040 3989 heredibus
1069 3927 1227 3990 antestare
1258 3929 1291 3991 et
1314 3921 1477 3992 defensare
1502 3921 1674 3996 debeamus

250 4057 387 4146 propter
411 4047 501 4143 quod
524 4043 633 4140 accepi
657 4071 676 4116 a
701 4066 760 4116 vos
783 4043 865 4114 idest
888 4043 959 4113 anri
984 4043 1045 4114 tari
1068 4043 1184 4138 biginti
1209 4053 1247 4116 nt
1270 4045 1355 4116 inter
1371 4045 1465 4116 nobis
1490 4047 1696 4120 combenit:

250 4177 283 4248 si
309 4183 417 4248 entem
441 4195 504 4270 ego
527 4180 584 4242 eut
606 4169 741 4245 heredes
761 4169 843 4242 meis
866 4177 978 4240 contra
1009 4169 1094 4241 henc
1125 4169 1271 4244 chartule
1298 4171 1492 4244 venditionis
1515 4182 1553 4245 ut
1576 4197 1674 4270 snper

250 4303 376 4398 legitur
399 4301 511 4374 venire
533 4298 749 4394 quesierimus
772 4319 831 4391 per
853 4295 971 4392 qnobis
995 4298 1130 4370 modum
1154 4306 1209 4368 aut
1225 4298 1403 4370 summissis
1426 4299 1572 4394 personis
1597 4309 1673 4372 tunc

251 4429 481 4524 componimus
504 4425 600 4498 vobis
621 4423 802 4520 vestrisque
826 4423 999 4496 heredibus
1032 4413 1103 4495 anri
1132 4424 1249 4496 solidos
1278 4425 1449 4498 duodecim
1471 4425 1677 4522 bythianteos

251 4568 288 4630 et
313 4556 374 4628 heo
396 4555 540 4626 :bannia
564 4553 605 4624 sit
628 4553 721 4624 firma
744 4551 861 4646 scripta
886 4575 943 4646 per
966 4573 1084 4624 manus
1105 4551 1238 4624 iohanni
1262 4551 1392 4624 curialis
1416 4573 1475 4646 per
1499 4560 1678 4624 memorata

251 4683 431 4757 indictione
453 4679 484 4776 †
507 4679 571 4751 hoe
593 4675 771 4774 signum†
793 4701 907 4751 manus
930 4689 1114 4753 memorato
1130 4680 1228 4777 paulo
1244 4681 1336 4777 quod
1349 4703 1411 4775 ego
1428 4703 1489 4774 pro
1504 4701 1584 4752 eum·
1599 4675 1678 4749 sub-

253 4807 371 4906 scripsi
395 4803 621 4880 rememorati
645 4803 707 4874 tari
731 4803 864 4875 traditos
887 4796 955 4874 bidi
979 4799 1010 4896 †
