4906 6520
881 670 985 764 (ees
1011 672 1026 766 )

164 832 167 856 “
245 832 340 908 vobis
361 829 529 934 placuerit.
552 833 586 902 et
608 826 790 924 eblpmus
813 851 873 904 nos
902 830 962 926 qui
983 845 1081 928 snpra
1103 831 1249 912 bimus
1267 839 1301 908 et
1322 841 1452 912 summo
1465 847 1508 916 ret
1530 839 1657 920 selbeta

244 965 405 1034 meteret
426 957 501 1036 fitis
523 963 632 1030 tamen
655 977 717 1050 ego
738 956 799 1053 qui
822 981 920 1052 snpra
941 957 1061 1040 mulier
1083 981 1170 1038 oum
1183 977 1375 1040 mosomum
1402 971 1436 1042 et
1449 963 1656 1042 belunmtem

242 1087 419 1184 supradicti
441 1086 501 1160 biii
524 1094 558 1160 et
580 1083 750 1158 mundoalt
769 1086 841 1158 mei
863 1086 1071 1160 unianimiter
1092 1090 1277 1185 pariterque
1301 1099 1534 1166 comesturos
1547 1101 1581 1164 et
1597 1115 1659 1164 no-

240 1215 316 1286 stris
338 1213 511 1288 heredibus
534 1210 629 1286 vobis
653 1209 711 1307 qui
734 1229 832 1304 supra
854 1209 953 1305 ligeri
976 1217 1011 1284 et
1031 1211 1146 1286 st'einni
1162 1223 1195 1284 et
1209 1214 1251 1284 ad
1269 1216 1385 1289 vestris
1407 1217 1580 1291 heredibus
1596 1217 1656 1290 in-

233 1347 333 1434 tegra
355 1339 540 1434 supradicta
562 1344 674 1410 nostre
696 1335 885 1411 bendriione
906 1337 1077 1414 deiender'e
1099 1347 1135 1410 et
1157 1349 1314 1414 antestare
1338 1341 1456 1416 amodo
1470 1352 1513 1412 ‘et
1528 1363 1656 1435 semper

240 1461 285 1536 ha
315 1471 406 1557 purte
437 1461 538 1536 uxori
560 1483 640 1536 mes
669 1463 729 1559 qui
752 1485 851 1558 supra
874 1460 1015 1558 iohanne
1038 1471 1072 1536 et
1095 1462 1137 1536 ab
1158 1463 1235 1562 aliis.
1251 1465 1405 1543 omnbus
1427 1466 1591 1540 ominibus
1615 1465 1655 1536 ab

241 1585 397 1683 omnique
419 1585 564 1682 partibus
587 1609 607 1656 s
629 1586 775 1680 pertibus
797 1595 906 1658 nostre
929 1585 1214 1682 langoburdorum.
1238 1587 1450 1684 hostenden'te
1473 1611 1532 1664 uos
1548 1597 1581 1662 et
1595 1610 1655 1664 ve·

238 1713 315 1784 stris
346 1712 522 1788 heredibus
553 1713 664 1806 uobis⁸
678 1713 862 1810 nostrisque
894 1711 1067 1804 heredibus
1092 1723 1236 1808 quernus
1256 1715 1348 1806 sieea
1370 1741 1390 1787 ι
1412 1717 1489 1810 tehs
1508 1717 1663 1812 paptibus

118 1815 137 1842 ⁹
237 1841 324 1934 ipsos
349 1842 521 1916 defendere
543 1841 727 1936 obligamus
751 1839 903 1934 predictis
925 1837 1089 1932 quadtuor
1112 1837 1342 1934 scriptionibus
1367 1841 1553 1933 quodsuut
1571 1865 1652 1913 ear-

235 1969 304 2042 tule
336 1992 435 2064 quem
466 1969 560 2042 vobis
591 1968 741 2062 superius
763 1965 1030 2036 benumdedimus
1053 1972 1086 2034 et
1108 1970 1189 2054 aput
1211 1984 1271 2034 ros
1294 1963 1480 2036 remisimus
1504 1965 1591 2036 salbe
1614 1971 1650 2040 in

234 2092 404 2190 publicum
426 2097 582 2169 iudicium
597 2095 638 2166 nd
652 2093 861 2186 relegendum
877 2100 910 2170 et
925 2092 1022 2162 finem
1046 2089 1227 2162 iaciendum
1242 2111 1317 2160 oum
1333 2111 1400 2184 quo
1415 2091 1508 2162 nobis
1522 2113 1652 2167 neeesse

235 2215 336 2286 inerit
370 2217 456 2288 iusta
478 2215 604 2286 ratione
627 2223 661 2284 et
683 2220 757 2307 post
779 2215 956 2306 perdentem
988 2210 1086 2280 tinem
1107 2208 1196 2280 seibe
1218 2207 1288 2302 ipse
1316 2217 1396 2301 aput
1423 2211 1588 2284 retineatis
1616 2214 1652 2285 in

235 2335 418 2432 supradicta
446 2337 573 2410 ratione
603 2345 638 2406 et
670 2335 801 2429 quanm
823 2309 996 2405 volueritis
1018 2352 1079 2404 sus
1101 2331 1160 2424 qui
1183 2353 1280 2424 supra
1303 2333 1452 2425 germani
1474 2343 1508 2404 et
1530 2339 1651 2410 nostris

233 2461 407 2535 heredibus
437 2484 482 2532 ex
507 2457 653 2554 predicta
675 2465 786 2528 nostra
817 2455 1003 2527 benditione
1025 2455 1145 2528 exinde
1171 2455 1296 2527 auctori
1320 2465 1353 2560 et
1375 2457 1536 2528 defensori
1567 2461 1647 2532 fieri.

231 2589 397 2662 licentiam
417 2593 452 2662 et
471 2591 661 2682 potestatem
682 2579 826 2655 habeatis
848 2581 932 2653 inde
945 2581 1069 2652 auctori
1091 2589 1125 2652 et
1147 2580 1308 2652 defensori
1335 2603 1432 2652 exere
1460 2603 1536 2653 cum
1567 2607 1648 2678 pre-

231 2718 318 2790 dicte
333 2715 476 2788 ehmbrle
490 2733 591 2809 quem
613 2709 707 2784 robis
729 2709 880 2804 superius
902 2707 1096 2780 venumdedi
1119 2715 1251 2780 etcum
1272 2707 1335 2778 iste
1358 2708 1530 2801 emptionis
1552 2709 1647 2782 ehar-
1682 2781 1689 2790 ,

230 2843 303 2914 tula
325 2847 359 2912 et
381 2860 458 2911 eum
481 2837 553 2909 aliis
574 2835 692 2910 vestris
714 2842 748 2906 et
774 2831 895 2903 nostris
925 2830 1106 2930 rationibus
1133 2831 1251 2902 amodo
1274 2830 1328 2904 vel
1358 2831 1503 2926 qualiter*
1529 2833 1646 2911 melius

228 2963 405 3060 potueritis
427 2971 466 3034 ut
487 2961 653 3035 lieentiam
676 2965 722 3030 et·
735 2963 927 3052 potestatem
951 2953 1072 3026 abeatis
1093 2955 1223 3028 rieihns
1244 2953 1364 3028 nostris
1387 2955 1440 3026 vel
1463 2959 1503 3029 de
1526 2961 1645 3034 nostris

227 3089 384 3168 enodibus
406 3089 551 3185 predicte
577 3085 724 3180 chartule
746 3103 845 3178 quem
868 3081 962 3154 robis
984 3080 1133 3176 superins
1146 3081 1342 3153 venumdedi
1364 3081 1555 3160 hostendere
1579 3111 1644 3160 eo-

225 3237 304 3288 rem
333 3213 544 3309 potestatibus
574 3220 607 3286 et
637 3208 801 3286 iudicibus
832 3205 902 3278 sibe
935 3205 1122 3299 apartibus
1152 3215 1261 3276 nostre
1289 3205 1560 3300 langobardorum
1587 3236 1644 3286 seu
1743 3283 1746 3289 .

228 3365 250 3410 a
274 3339 420 3434 partibus
442 3345 551 3410 vestre
571 3332 854 3427 neapolitanorum
875 3328 1083 3420 relegendum
1106 3335 1140 3400 et
1162 3327 1259 3399 fidem
1274 3329 1457 3420 ¹sarriendum
1479 3355 1554 3404 oum
1578 3360 1644 3431 quo

226 3461 323 3532 vobis
346 3481 476 3531 neeesae
498 3458 599 3528 fuerit
620 3453 707 3526 iusta
728 3450 855 3526 ratione
870 3455 903 3520 et
918 3446 1048 3542 quando
1063 3446 1230 3520 volueritis
1248 3471 1307 3522 sos
1320 3459 1354 3520 et
1366 3454 1481 3524 restris
1496 3459 1643 3534 eredibus

228 3598 389 3684 quatenus
412 3583 586 3659 debeamus
615 3579 711 3676 ¹uobis
734 3577 822 3674 ipsos
850 3573 1019 3648 defendere
1042 3581 1075 3644 et
1096 3583 1255 3646 antestare
1283 3577 1399 3647 etalis
1430 3583 1576 3672 partibus
1606 3588 1643 3662 in

230 3715 301 3806 ipsa
323 3713 449 3784 ratione
471 3719 510 3783 ut
531 3706 681 3800 superius
703 3705 824 3796 legitur
838 3723 878 3772 eo
892 3700 982 3794 quod
1000 3698 1035 3768 in
1048 3697 1105 3770 teii
1128 3697 1254 3770 ratione
1267 3699 1355 3792 ipsos
1377 3707 1641 3785 venundedimus.
1674 3755 1676 3762 ·

229 3841 266 3912 si
289 3845 399 3908 autem
420 3837 510 3926 ipsos
531 3831 627 3904 robis
650 3853 670 3903 a
693 3827 765 3901 talis
796 3825 938 3922 partibus
968 3823 1097 3896 defendi
1118 3845 1185 3894 non
1207 3825 1409 3917 pomeimus
1432 3839 1469 3901 ut
1492 3833 1635 3908 diximus

227 3960 344 4057 primis
365 3977 426 4030 nos
449 3963 483 4026 et
504 3953 623 4026 nostris
646 3949 794 4024 eredihus
808 3947 900 4019 vobis
915 3957 948 4018 et
961 3947 1002 4017 ad
1014 3945 1127 4020 restris
1140 3945 1312 4023 heredibus
1327 3951 1367 4022 de
1389 3951 1528 4028 eolludie
1552 3957 1640 4053 legi-

231 4089 294 4160 bus
316 4083 410 4160 sobis
432 4081 542 4154 imore
559 4076 739 4172 obligamus
762 4083 794 4148 et
811 4092 1042 4166 componamus
1061 4071 1154 4145 vebis
1163 4073 1233 4166 jam
1249 4075 1371 4148 diehm
1386 4083 1526 4174 pretium
1541 4087 1640 4180 dupio

229 4225 264 4287 et
278 4209 377 4308 duplo
392 4232 451 4302 per
472 4197 684 4300 adpretiatum
706 4202 795 4300 quod
818 4209 885 4272 tota
908 4211 1016 4274 nostra
1031 4199 1213 4273 benditioue
1228 4211 1306 4295 epnt
1318 4227 1378 4276 vos
1391 4207 1426 4278 in
1440 4211 1568 4286 editieio
1583 4231 1640 4290 aut

107 4385 111 4392 .
227 4341 264 4412 in
285 4333 402 4432 qnabis
423 4338 516 4426 parte
537 4328 782 4428 remelioratum‘
798 4326 947 4419 paruerit
970 4326 1055 4396 Nam
1076 4325 1105 4396 si
1127 4333 1199 4398 tum
1221 4347 1281 4398 nos
1303 4330 1361 4423 qui
1392 4353 1488 4426 supra
1519 4337 1639 4414 iohan-

226 4486 287 4538 nes
309 4470 342 4534 et
365 4480 495 4532 summo
517 4466 551 4530 et
573 4455 698 4529 seileeta
720 4461 824 4528 mater
846 4463 879 4522 et
902 4451 976 4524 filiis
998 4451 1051 4524 rel
1065 4452 1181 4524 nostris
1194 4451 1367 4527 heredibus
1390 4481 1448 4531 ane
1471 4461 1638 4540 bendffio.

227 4593 281 4666 ¹¹5⁸
311 4587 467 4661 “mim
491 4581 663 4678 diquando
685 4601 745 4674 Ν
766 4577 1000 4675 (iudicum
1023 4577 1192 4672 ingenium
1215 4578 1414 4676 disrumpere
1437 4597 1494 4659 aut
1522 4613 1637 4664 remo-

226 4721 306 4792 bere
333 4711 546 4814 quesierimus
577 4717 611 4782 et
633 4709 661 4780 si
684 4729 750 4778 non
771 4705 864 4778 vobis
887 4714 976 4776 etet
998 4706 1113 4777 vestris
1135 4703 1306 4778 heredibus
1329 4708 1445 4780 exinde
1467 4711 1636 4794 fecerimus

226 4859 263 4922 et
284 4839 552 4940 eompleberimus
574 4858 613 4907 ea
635 4834 745 4910 omnia
766 4855 824 4928 per
846 4832 953 4926 ipsum
983 4832 1096 4904 ordine
1126 4833 1210 4904 sieut
1240 4834 1387 4926 πρωίας
1410 4835 1530 4933 legam.
1560 4852 1637 4921 pum

226 4970 409 5068 supradicta
431 4963 529 5061 dupla
551 4961 645 5038 vobis
666 4981 896 5054 eomponamus
919 4967 953 5030 et
975 4957 1040 5030 iam
1063 4955 1147 5028 diota
1169 4957 1313 5030 benditio
1335 4959 1459 5059 integra
1473 4974 1635 5062 pompis

1294 5086 1308 5122 1
