4906 6520
949 727 1092 826 (aas)

315 884 486 962 mamorati
508 883 628 958 marini
650 882 843 980 hugubardi
857 885 922 958 riri
935 887 1019 958 moi:
1042 909 1102 982 per
1116 909 1176 960 ane
1189 887 1334 960 chartula
1351 887 1544 960 venumdedi
1560 896 1593 957 et
1609 885 1724 960 tradidi

246 1097 251 1105 Ι
316 1013 379 1084 tibi
401 1022 583 1086 memorato
605 1011 658 1084 leo
681 1013 837 1086 ferrariae
860 1012 945 1084 ldest
966 1023 1144 1100 memorata
1166 1013 1277 1086 inclita
1299 1013 1385 1108 petia
1407 1035 1480 1084 mea
1496 1013 1535 1084 de
1549 1025 1724 1083 memorata

314 1147 400 1207 terra
423 1157 488 1230 que
511 1133 644 1228 ponitur
675 1133 764 1208 intus
797 1135 941 1210 masada
963 1145 997 1206 et
1019 1137 1206 1210 nominatur
1230 1147 1264 1207 at
1287 1148 1416 1210 centum
1440 1160 1537 1233 supra
1560 1139 1631 1232 ipso
1654 1139 1726 1210 loco

312 1285 506 1338 mmannma
537 1283 604 1336 nna
635 1283 710 1336 cum
733 1261 904 1334 arboribus
928 1270 962 1332 et
984 1262 1155 1337 introitum
1178 1283 1276 1336 suum
1299 1273 1332 1336 et
1355 1265 1505 1336 omnibus
1529 1265 1590 1336 sivi
1614 1267 1722 1358 perti-

312 1389 480 1464 nentibus:
515 1389 697 1484 pertinente
729 1388 812 1461 mibi
845 1413 864 1460 a
896 1389 1030 1486 quidem
1061 1391 1170 1486 sergio
1192 1389 1323 1462 berario
1354 1411 1508 1484 germano
1538 1413 1632 1462 meo:
1659 1416 1723 1464 nna

313 1539 390 1592 oum
412 1537 571 1590 consensu
592 1519 695 1589 marie
718 1515 850 1611 coniugi
873 1539 949 1588 sues
971 1537 1063 1588 scum
1080 1495 1204 1588 etcum
1227 1517 1404 1590 volumtate
1428 1518 1571 1613 gregorii
1587 1529 1620 1588 et
1636 1519 1721 1612 petri

311 1641 448 1714 horariis
478 1663 539 1712 nec
568 1663 633 1712 non
661 1649 696 1712 et
721 1641 810 1736 pitru
833 1651 867 1714 et
889 1641 1114 1714 tbeodonanda
1137 1641 1294 1713 monacha
1317 1653 1350 1713 et
1376 1644 1481 1714 maria
1504 1643 1666 1736 germanis
1690 1653 1724 1713 et

310 1789 478 1862 germanas
492 1768 596 1840 mus:
619 1779 798 1840 memorata
813 1767 916 1840 maria
931 1789 1008 1838 cum
1023 1767 1200 1838 voluntate
1215 1765 1301 1836 leoni
1317 1767 1380 1836 riri
1394 1769 1446 1838 sui
1460 1793 1520 1861 per
1537 1769 1719 1841 firmissima

310 1891 457 1966 chartula
478 1893 728 1989 comparationis
760 1915 833 1964 mea
855 1895 891 1966 in
914 1892 1118 1964 membranas
1145 1889 1264 1982 scripta
1288 1911 1369 1984 quas
1392 1889 1473 1960 mibi
1497 1892 1612 1963 exinde
1635 1897 1726 1964 tece-

308 2031 385 2090 runt
408 2031 442 2092 et
465 2018 506 2088 ab
529 2018 602 2111 ipso
624 2018 733 2110 sergio
756 2037 911 2110 germano
934 2036 1009 2086 meo
1031 2013 1189 2084 hovbenit
1211 2011 1246 2080 in
1270 2021 1357 2082 sorte
1379 2013 1420 2082 da
1434 2035 1496 2084 ma
1525 2014 1594 2105 ipsa
1618 2025 1651 2086 et
1681 2017 1722 2086 da

308 2145 494 2216 memoratis
519 2139 679 2238 germanis
703 2139 844 2211 nostris:
869 2148 903 2210 ct
925 2161 944 2208 a
967 2144 1148 2208 memorato
1171 2135 1313 2228 genitori
1336 2157 1411 2204 meo
1426 2133 1546 2207 iterum
1564 2135 1721 2208 bovbeuit

310 2271 447 2366 perebo
470 2268 616 2340 chartula
640 2265 891 2360 comparationis
912 2285 971 2334 suo
991 2263 1027 2332 in
1040 2259 1243 2334 membranas
1259 2259 1376 2352 scripta
1392 2260 1432 2330 da
1449 2264 1613 2353 qnondam
1629 2263 1722 2332 leone

310 2396 428 2468 deboto
451 2413 590 2462 monaco
612 2389 680 2461 tilio
702 2389 808 2460 boniti
829 2385 959 2456 comitis
981 2395 1015 2454 et
1037 2385 1077 2456 da
1101 2384 1240 2456 iohanne
1258 2385 1397 2478 genitori
1413 2395 1446 2455 et
1461 2385 1547 2455 filio:
1572 2408 1632 2478 pro
1648 2387 1720 2459 bico

306 2516 437 2588 sslorum
460 2525 493 2588 et
515 2537 578 2611 pro
599 2513 672 2586 bice
695 2512 783 2610 petri
806 2519 840 2584 et
861 2509 1085 2582 theodemanda
1101 2509 1261 2602 germanis
1277 2508 1350 2578 titiis
1366 2517 1399 2578 et
1413 2530 1570 2604 germano
1586 2510 1716 2582 iliorum

307 2645 364 2738 qui
389 2644 473 2714 infra
505 2651 592 2714 etate
620 2643 771 2714 inerunt:
804 2647 988 2713 memorato
1015 2638 1155 2710 iohanne
1177 2658 1253 2708 cum
1275 2657 1435 2708 consensu
1458 2639 1561 2710 marie
1584 2640 1719 2732 coniugi

304 2792 385 2840 sue:
421 2787 517 2863 quem
549 2789 630 2838 vero
661 2775 842 2837 memorate
866 2765 961 2836 ambe
984 2763 1129 2836 chartule
1152 2772 1230 2857 aput
1253 2784 1307 2832 me
1332 2762 1429 2835 abere
1452 2764 1591 2837 videris:
1618 2766 1718 2836 etiam

305 2911 337 2967 et
360 2895 430 2987 ipsa
452 2890 599 2964 chartula
621 2891 868 2962 infiduciationis
902 2902 980 2982 aput
1007 2911 1061 2959 me
1087 2899 1215 2961 causata
1238 2889 1430 2961 remisistis:
1456 2889 1628 2964 coherente
1651 2895 1715 2964 sivi

305 3045 323 3090 a
347 3026 522 3089 memorata
545 3014 655 3086 inclita
678 3017 764 3109 petia
787 3037 860 3086 mea
887 3039 929 3087 ex
957 3011 1027 3106 ipsa
1052 3025 1137 3086 terra
1160 3035 1226 3110 que
1249 3013 1309 3084 tibi
1333 3015 1481 3108 superius
1504 3016 1714 3088 venumdedit
1835 3047 1838 3052 ¹

303 3149 344 3219 ab
368 3171 436 3218 uno
458 3147 557 3220 lutere
580 3157 671 3241 parte
693 3147 871 3219 meridiana
894 3155 981 3218 terra
1003 3158 1059 3216 tua
1083 3147 1254 3218 memorati
1277 3146 1364 3217 leoni
1388 3170 1452 3240 que
1482 3169 1543 3240 pro
1567 3149 1714 3242 partibus

302 3269 575 3364 langubardorum
606 3280 715 3340 tenere
738 3269 859 3342 videris
881 3280 915 3340 et
938 3269 1012 3340 abet
1036 3269 1156 3341 ividem
1180 3273 1220 3343 do
1249 3269 1449 3364 longitudine
1473 3274 1557 3366 passi
1578 3283 1714 3367 septua-

303 3398 393 3490 ginta
416 3407 450 3468 et
472 3398 513 3470 de
545 3395 610 3466 alio
638 3395 739 3464 latere
766 3405 858 3488 parte
889 3395 1115 3487 septentrionis
1144 3405 1194 3467 est
1220 3397 1276 3467 via
1298 3399 1474 3470 comuualis
1497 3402 1583 3472 unde
1606 3401 1712 3496 ipsum

299 3525 430 3598 dicerem
455 3545 566 3596 meum
590 3522 649 3594 tibi
673 3520 821 3595 dedimus
843 3530 877 3592 et
899 3519 973 3590 abet
994 3519 1116 3594 ividem
1139 3522 1180 3592 de
1203 3521 1404 3616 longitudine
1427 3527 1512 3618 passi
1533 3529 1713 3622 quimqua·
1849 3577 1851 3580 -

301 3655 389 3748 ginta
413 3653 550 3727 nobem:
575 3652 671 3724 etde
695 3673 762 3722 uno
784 3649 891 3743 capite
915 3658 1006 3738 parte
1030 3647 1205 3719 occidentis
1229 3659 1313 3721 terra
1337 3651 1395 3745 qui
1419 3651 1480 3721 tuit
1502 3655 1609 3745 portio
1634 3679 1711 3727 rne-

298 3780 415 3851 morati
446 3777 530 3872 petri
563 3775 708 3871 germani
732 3775 797 3848 mei
820 3795 886 3870 que
909 3775 1007 3846 modo
1030 3783 1117 3847 tenet
1145 3774 1279 3847 heredes
1302 3778 1466 3870 quondam
1487 3777 1644 3850 malandri
1668 3807 1709 3854 ex

299 3904 370 3996 ipso
393 3901 467 3972 loco
489 3899 585 3972 sicuti
608 3897 693 3970 inter
715 3920 750 3968 se
773 3897 906 3992 agrium
928 3897 1073 3970 exfinat:
1098 3907 1133 3968 et
1155 3897 1229 3970 abet
1251 3899 1373 3970 iridem
1389 3899 1429 3970 de
1443 3901 1611 3976 latitudine
1627 3899 1710 3998 passi
1738 3995 1742 4000 Ι

300 4025 417 4121 viginti
448 4035 481 4098 et
513 4035 605 4096 mes:
643 4033 677 4096 ct
704 4026 746 4096 de
772 4021 838 4096 atio
865 4022 969 4117 capite
1000 4032 1091 4118 parto
1118 4024 1251 4097 orientis
1282 4036 1365 4097 terra
1395 4037 1451 4099 tua
1475 4053 1539 4123 qne
1563 4041 1601 4102 tu
1624 4043 1710 4104 emta

282 4155 375 4228 -mos
398 4156 439 4228 da
463 4152 606 4246 aligerno
639 4151 757 4224 surdos
790 4151 886 4225 sinnii
915 4153 1001 4226 inter
1027 4173 1062 4223 se
1086 4151 1217 4247 egripus
1246 4175 1305 4225 seu
1329 4155 1412 4248 sepis
1435 4155 1555 4228 exfinat
1579 4168 1612 4230 et
1636 4159 1708 4231 abet
1851 4259 1856 4270 ι

300 4281 421 4356 iridem
442 4280 527 4375 passi
551 4277 702 4351 similiter
724 4277 841 4374 viginti
864 4286 949 4352 uas:
972 4279 1143 4352 memorati
1166 4301 1245 4350 vero
1268 4281 1353 4374 passi
1376 4283 1549 4353 mensurati
1573 4293 1606 4354 at
1628 4307 1709 4378 pas-

298 4429 371 4480 sum
402 4408 545 4479 terreum
575 4413 683 4478 sancte
714 4401 915 4498 neapolitana
947 4404 1100 4478 ecclesie:
1135 4403 1268 4500 insuper
1291 4404 1438 4480 dedimus
1454 4407 1495 4480 'ot
1517 4409 1708 4482 tradidimus

299 4531 358 4602 tibi
380 4539 414 4604 et
436 4539 615 4630 memorata
644 4529 794 4624 portione
824 4551 897 4601 mea
929 4553 972 4602 ex
994 4532 1063 4626 ipsa
1086 4529 1209 4624 piscina
1232 4551 1373 4604 comune
1403 4532 1462 4626 qui
1491 4541 1538 4604 ast
1562 4533 1706 4607 interra
1758 4521 1766 4538 ⁸

298 4656 431 4732 heredes
454 4655 578 4729 domini
612 4655 745 4728 iohanni
767 4654 943 4728 monachi:
976 4679 1041 4729 una
1066 4679 1142 4730 cnm
1165 4657 1334 4732 introitum
1356 4681 1452 4730 suum
1474 4681 1533 4754 per
1555 4661 1625 4754 ipsa
1648 4665 1703 4736 via

297 4803 436 4857 oomnne
457 4805 584 4878 arsque:
620 4781 661 4854 ad
695 4780 789 4853 illrum
816 4779 1013 4874 ungaricum
1035 4801 1094 4876 por
1116 4802 1181 4874 qua
1195 4781 1346 4854 decurrit
1369 4803 1454 4876 aqua
1476 4783 1517 4857 ad
1545 4782 1614 4877 ipsa
1645 4789 1705 4880 pi-

297 4911 382 4982 scina
415 4919 448 4984 et
482 4907 632 4982 omnibns
663 4905 727 4980 siri
754 4905 987 5001 pcrtinentibus
1017 4915 1050 4978 et
1071 4903 1232 4979 licentiam
1262 4915 1295 4979 et
1316 4909 1504 5002 potesmm
1527 4907 1646 4984 abeatis
1669 4925 1705 4984 tn
