4906 6520
941 710 1082 810 (111)

921 997 1099 1074 ccxxvu.

898 1255 1025 1328 Christe
1048 1258 1132 1328 fave.

398 1508 430 1604 †
453 1512 490 1582 11
513 1510 645 1581 nomine
668 1509 794 1581 domini
818 1507 870 1581 dei
893 1508 1061 1584 salvatoris
1083 1506 1186 1578 nostri
1209 1503 1305 1577 lbcsu
1327 1503 1447 1579 Christi
1470 1506 1652 1601 Imperante
1668 1507 1726 1582 do·
1801 1547 1856 1594 an,

308 1642 400 1713 mino
424 1647 537 1711 nostro
558 1635 673 1710 basilio
696 1659 817 1732 magno
838 1635 1036 1730 Imperatore
1059 1655 1145 1704 anno
1168 1631 1334 1703 tricesimo
1357 1636 1511 1708 1111111.
1529 1637 1585 1708 sed
1601 1645 1634 1707 et
1647 1659 1727 1707 con-
1778 1657 1864 1735 992.

308 1769 450 1841 stantino
483 1789 604 1861 magno
635 1767 832 1860 Imperatore
863 1783 948 1835 anno
979 1761 1137 1834 vicesimo
1160 1781 1247 1830 neno
1271 1760 1324 1831 die
1346 1762 1451 1853 prima
1474 1764 1593 1836 mensis
1617 1765 1728 1859 aprilis

308 1893 485 1966 indictione
508 1891 622 1986 quinta
645 1889 786 1983 neapoli.
813 1889 947 1961 Certum
971 1896 1020 1958 est
1042 1907 1103 1957 nos
1126 1895 1267 1957 ammato
1283 1885 1350 1959 filio
1365 1889 1529 1983 quondam
1552 1891 1680 1984 augusti
1695 1901 1729 1964 et

310 2020 418 2112 sergio
441 2016 505 2087 hoc
528 2025 577 2087 est
600 2014 740 2109 genitori
772 2023 806 2085 11
834 2015 902 2088 filio
934 2023 1001 2086 tam
1028 2035 1095 2108 pro
1118 2012 1191 2086 vice
1213 2023 1323 2084 nostra
1346 2021 1380 2084 11
1401 2037 1462 2109 pro
1485 2017 1557 2087 vice
1581 2015 1730 2090 iohannis

310 2145 377 2216 filio
400 2153 433 2216 et
456 2165 613 2240 germano
634 2151 747 2215 nostro
770 2143 829 2238 qni
851 2145 980 2216 icausus
1003 2150 1051 2214 est
1075 2147 1108 2212 et
1131 2140 1341 2213 abitatoribus
1357 2143 1392 2214 in
1414 2141 1488 2212 loco
1512 2143 1571 2238 qui
1594 2153 1730 2216 vocatur

308 2267 444 2341 eenineo
467 2269 633 2340 territorio
656 2277 751 2364 porta
773 2289 919 2340 remma.
943 2265 974 2337 Α
996 2262 1138 2360 presenti
1162 2264 1214 2335 die
1229 2265 1390 2359 premicto
1413 2265 1509 2336 robis
1531 2268 1666 2338 domino
1691 2267 1730 2340 fi-

309 2397 435 2493 lippum
458 2395 638 2470 venerabili
660 2396 815 2491 igumeno
838 2392 1035 2467 monesterio
1058 2399 1244 2465 sanctorum
1267 2393 1365 2488 sergii
1389 2398 1421 2462 et
1442 2392 1538 2463 bachi
1562 2395 1620 2488 qui
1643 2419 1731 2467 nunc

282 2535 524 2619 'congregatus
556 2547 591 2597 es
621 2526 656 2598 in
689 2524 886 2596 monasterio
918 2529 1103 2594 sanctorum
1132 2519 1294 2592 theodorii
1327 2529 1361 2590 et
1384 2519 1553 2594 sebastiani
1575 2523 1674 2595 situm
1697 2526 1733 2596 in

310 2651 516 2726 viridiarium
541 2655 598 2748 qui
620 2654 796 2748 appelletur
818 2651 987 2745 casepicta.
1016 2657 1049 2720 et
1072 2649 1207 2721 domino
1231 2648 1387 2743 stephano
1411 2651 1594 2723 venerabile
1617 2651 1733 2725 abbate

311 2775 499 2848 monasterii
523 2785 709 2848 sanctorum
732 2773 872 2847 severini
888 2781 921 2844 et
935 2773 1015 2845 sossi
1028 2770 1086 2844 ubi
1102 2793 1217 2844 eorum
1232 2773 1428 2844 venerabilia
1443 2798 1582 2870 corprrra
1598 2777 1735 2871 requie-

311 2909 414 2970 scunt
439 2906 472 2970 11
495 2907 528 2971 11
543 2909 656 2972 cuntes
670 2897 763 2970 ambe
779 2897 1047 2994 congregationes
1062 2895 1296 2970 monachorum
1309 2899 1482 2970 memorati
1496 2909 1530 2970 et
1544 2899 1736 2973 venerabilis

314 3002 416 3096 111111
430 3025 532 3098 saneti
548 3025 758 3098 monasterii:
776 3001 910 3119 propter
924 3023 1085 3117 integram
1099 3023 1250 3115 portione
1270 3022 1310 3095 de
1324 3046 1475 3118 campum
1489 3033 1652 3096 veshum:
1674 3048 1737 3120 po-

310 3152 406 3222 sitam
429 3151 464 3223 in
487 3159 673 3227 memorato
695 3149 772 3224 loco
794 3151 1048 3246 canineumque
1063 3148 1158 3221 robis
1173 3149 1257 3221 etin
1270 3163 1449 3224 memorata
1464 3160 1737 3226 (111111111-

311 3277 425 3350 rabilia
448 3287 556 3350 vestra
579 3281 775 3350 monasteria
798 3277 922 3350 dimisit
936 3299 996 3370 per
1011 3276 1236 3350 firmissimum
1252 3300 1349 3350 suum
1364 3277 1557 3373 dispositum
1571 3281 1737 3373 quondam

313 3402 446 3476 domino
460 3402 601 3480 iohanne
615 3401 684 3475 filio
699 3403 864 3499 quondam
878 3400 1000 3475 domini
1014 3401 1100 3496 petri
1116 3402 1171 3474 cui
1185 3425 1283 3498 supra
1297 3425 1417 3476 nomen
1432 3403 1564 3500 pictulo.
1580 3429 1738 3480 unacum

313 3529 483 3603 erroribus
499 3527 674 3602 fructiferis
687 3527 742 3602 vel
756 3527 976 3601 infructiferis.
989 3535 1111 3600 etcum
1126 3527 1276 3600 introitus
1291 3538 1409 3599 suaset
1421 3531 1573 3604 omnibns
1588 3531 1650 3602 sivi
1661 3555 1738 3626 per·

311 3653 489 3728 liuentibus
512 3677 594 3751 quas
608 3675 689 3726 vero
702 3661 899 3724 memoratas
913 3650 1078 3746 portiones
1094 3658 1218 3723 vestras
1232 3651 1273 3725 de
1288 3662 1507 3724 memoratum
1521 3676 1661 3748 canpum
1675 3678 1738 3727 no·

313 3781 364 3853 his
387 3781 570 3877 nostrisque
594 3779 766 3853 heredibus
788 3778 947 3852 deusutis
970 3787 1004 3850 at
1019 3779 1248 3854 detinendmn:
1273 3787 1307 3851 et
1320 3779 1554 3857 lacerandum:
1581 3781 1617 3854 in
1631 3805 1673 3852 eo
1689 3792 1737 3854 te-

316 3931 419 3981 nore:
444 3917 482 3979 nt
505 3907 540 3978 in
563 3917 675 3978 nostra
697 3909 905 4002 nostrisquet
931 3907 1105 3982 heredibus
1128 3909 1170 3982 sit
1184 3918 1342 4004 potestate
1356 3911 1486 3983 tenendi
1502 3920 1535 3983 et
1549 3913 1737 3988 dominandi

314 4058 372 4108 seu
395 4031 584 4129 pastenandi
607 4041 640 4101 et
664 4029 848 4102 arbustandi
871 4039 905 4101 et
926 4052 1025 4126 super
1047 4054 1108 4104 nos
1130 4031 1340 4128 recolligendi
1362 4033 1475 4106 subtus
1490 4043 1523 4108 et
1538 4059 1635 4133 super
1649 4037 1737 4111 unde

315 4159 438 4234 nullam
460 4165 552 4254 parte
574 4156 669 4230 nobis
693 4155 877 4252 nostrisque
899 4155 1072 4231 heredibus
1095 4181 1163 4232 non
1187 4161 1330 4257 queratis
1354 4185 1412 4258 per
1427 4163 1554 4237 nnllmn
1577 4165 1733 4240 modum:

316 4285 506 4360 tantumodo
533 4285 625 4356 omni
653 4307 760 4358 annue
792 4307 852 4358 nos
875 4295 909 4358 et
931 4279 1103 4362 heredibus
1125 4289 1244 4362 nostris
1265 4288 1360 4363 robis
1382 4293 1574 4388 vestrisque.
1600 4296 1736 4392 posteris

318 4425 351 4486 et
383 4416 417 4485 in
449 4425 630 4486 memorata
661 4421 771 4485 saneta
802 4427 837 4488 et
859 4417 1058 4490 venerabilia
1079 4426 1186 4492 restra
1213 4419 1407 4491 monasteria
1430 4421 1507 4493 dere
1531 4429 1564 4492 et
1587 4423 1736 4497 utdueere

318 4539 490 4612 debeamus
521 4563 581 4634 per
611 4539 786 4612 festivitate
817 4553 927 4617 sancte
959 4545 1063 4620 merie
1086 4545 1126 4617 de
1150 4553 1288 4639 augusto
1310 4566 1441 4617 mense:
1467 4547 1550 4620 idest
1573 4547 1645 4621 auri
1668 4557 1737 4619 ure

317 4683 421 4734 unum
452 4664 574 4736 bonum
608 4663 834 4758 expendihilc:
870 4675 903 4738 et
926 4690 1030 4741 unum
1053 4669 1200 4742 modium
1223 4668 1263 4740 de
1286 4669 1392 4742 fasioli
1414 4669 1528 4742 rubei:
1555 4679 1588 4742 et
1610 4671 1738 4744 senium

319 4811 384 4862 una
407 4799 522 4886 quarta
544 4791 585 4864 de
609 4815 693 4865 nuce
716 4795 891 4867 mundate:
917 4797 988 4869 sine
1011 4799 1103 4869 omni
1126 4799 1376 4872 amaricatione:
1400 4808 1433 4869 et
1455 4821 1522 4870 non
1546 4797 1666 4872 11111111
1689 4799 1738 4872 li-

322 4913 427 4985 centia
459 4936 518 4987 vos
542 4925 574 4986 et
597 4917 735 5012 posteris
770 4919 885 4991 restris
917 4920 1011 4994 nobis
1040 4925 1224 5020 nostrisque
1251 4923 1424 4998 heredibus
1447 4923 1521 4996 illos
1543 4923 1657 4997 tollere
1679 4949 1738 5022 per

321 5039 447 5115 1111111
472 5041 631 5116 modum:
669 5045 780 5119 dantes
804 5057 837 5123 ct
860 5047 1050 5144 atinplentes
1073 5053 1164 5126 omni
1188 5075 1294 5127 annue
1317 5050 1469 5126 omnibus
1492 5052 1680 5126 memoretis
1702 5061 1740 5126 ut
