4906 6520
1421 569 1560 664 (178)

1436 851 1555 926 CCLV.

662 1162 716 1212 an,
874 1115 966 1212 †1n
994 1099 1134 1186 nomine
1158 1106 1290 1182 domini
1315 1104 1373 1175 dei
1401 1102 1575 1174 salvatoris
1604 1103 1713 1176 nostri
1734 1102 1836 1176 ihesu
1864 1105 1997 1182 Christi
2021 1111 2206 1209 inperante

638 1273 725 1338 997.
781 1241 913 1318 domino
936 1245 1050 1311 nostro
1071 1231 1185 1308 besilio
1208 1251 1326 1326 magno
1349 1231 1546 1324 Imperatore
1570 1249 1657 1298 anno
1673 1227 1836 1300 tricesimo
1851 1229 1991 1304 nocato
2006 1237 2064 1310 sed
2081 1252 2202 1314 oreon.

779 1367 920 1443 stentino
942 1365 1041 1436 freter
1064 1363 1134 1439 eins
1157 1381 1277 1455 magno
1300 1360 1496 1452 imperatore
1511 1377 1598 1426 enno
1613 1353 1774 1426 tricesimo
1790 1355 1927 1468 quinto:
1954 1359 2007 1432 dic
2023 1365 2200 1460 quintode·

780 1498 865 1570 eima
888 1494 1009 1566 meinis
1031 1487 1214 1566 nobembrii
1235 1485 1413 1560 indictione
1436 1481 1605 1558 undecimo
1628 1484 1773 1578 neapoli:
1808 1487 1913 1558 Horta
1937 1501 1987 1563 est
2009 1493 2121 1590 itaquo
2144 1499 2202 1570 in-

781 1621 882 1694 tentio
904 1623 992 1692 Inter
1013 1640 1068 1690 me
1091 1613 1282 1708 stephanum
1305 1613 1411 1686 filium
1433 1611 1597 1708 quondam
1621 1607 1770 1680 iohannis
1794 1632 1858 1680 nnn
1882 1635 1959 1684 cunr
1974 1637 2133 1692 consensu
2147 1622 2203 1692 sil.

779 1749 855 1822 licto
878 1745 1011 1838 coniugi
1033 1765 1125 1812 meo:
1152 1748 1186 1812 et
1207 1749 1240 1812 te
1262 1738 1414 1814 bidelicot
1435 1739 1519 1810 miro
1542 1737 1607 1808 fitia
1630 1737 1796 1832 quondam
1820 1735 1970 1811 iohannis
1993 1744 2123 1816 ferrarii
2147 1747 2200 1818 cui

781 1894 1023 1970 supernomen
1046 1892 1143 1943 muco
1165 1870 1287 1944 coniux
1309 1866 1452 1962 presenti
1474 1863 1545 1960 lnpi
1567 1864 1633 1937 riri
1657 1864 1730 1936 tui:
1761 1865 1801 1934 do
1825 1862 2005 1939 intentione
2028 1893 2094 1964 qne
2115 1872 2202 1944 inter

782 2023 843 2074 nos
867 1999 1015 2072 ehnirnns
1038 2002 1171 2090 propter
1193 1995 1319 2088 integro
1341 2015 1407 2065 nno
1429 1993 1516 2086 petie
1538 1990 1579 2064 de
1601 2001 1690 2062 terro
1712 2013 1778 2085 que
1802 1991 1935 2080 ponitur
1955 1990 1992 2064 in
2015 2017 2133 2091 compo
2156 1999 2200 2072 de

781 2129 890 2202 miens
913 2148 977 2196 uno
1000 2145 1076 2194 curn
1099 2121 1272 2194 arboribus
1305 2128 1339 2192 ct
1362 2117 1536 2192 introitum
1558 2137 1655 2190 snum
1678 2124 1712 2188 et
1736 2117 1887 2186 omnibns
1909 2115 1972 2190 sibi
2001 2121 2204 2212 pertinenti.

781 2252 1059 2327 leuse-coherente
1082 2243 1145 2320 sibi
1168 2245 1210 2317 ob
1232 2267 1300 2320 nno
1324 2245 1424 2318 lotere
1448 2253 1534 2316 terra
1549 2253 1657 2316 sancte
1673 2241 1875 2336 neopolitano
1889 2242 2020 2314 ecclesie
2034 2245 2132 2318 sicuti
2148 2248 2202 2319 in·

781 2389 833 2453 ter
856 2401 890 2452 se
905 2376 991 2472 sepis
1013 2385 1047 2448 et
1070 2379 1210 2450 tonores
1232 2374 1353 2448 oxfinet
1367 2381 1400 2446 et
1414 2374 1458 2448 de
1471 2371 1538 2444 alio
1560 2373 1661 2444 latere
1685 2379 1772 2444 terro
1794 2371 1984 2443 monosterii
1999 2383 2109 2456 sonote
2123 2398 2200 2448 mc·

779 2504 873 2578 tricic
895 2503 990 2576 sicuti
1013 2502 1099 2574 inter
1122 2525 1157 2574 se
1180 2500 1287 2572 lebete
1310 2501 1433 2572 oxfinet
1456 2501 1553 2570 etde
1578 2519 1645 2570 uno
1670 2497 1776 2590 capite
1798 2507 1847 2569 est
1862 2497 1941 2568 cehe
1957 2499 2090 2593 publico
2107 2511 2140 2574 et
2157 2523 2198 2575 cx

779 2629 846 2702 clio
870 2629 974 2724 eapite
998 2637 1047 2700 est
1068 2638 1156 2699 terra
1179 2625 1269 2698 leoni
1291 2624 1420 2700 ferrarii
1443 2625 1498 2698 cui
1521 2646 1620 2718 supro
1643 2645 1764 2694 nomen
1779 2624 1940 2716 papoleno
1957 2625 2041 2696 sicot
2056 2627 2199 2700 continet

780 2753 926 2826 ennena
947 2775 1022 2824 mee
1044 2772 1109 2846 qne
1132 2773 1195 2844 ego
1218 2757 1441 2843 etpprconsem
1463 2746 1545 2818 obeo
1568 2747 1609 2818 do
1625 2745 1890 2818 distributoribus
1907 2748 2016 2821 anime
2033 2750 2198 2845 qnondam

780 2881 884 2953 meria
907 2878 966 2974 qui
989 2878 1051 2950 tuit
1072 2876 1201 2950 uterino
1224 2897 1379 2971 germano
1401 2885 1479 2950 tun:
1512 2873 1605 2946 Unde
1632 2895 1687 2946 nso
1709 2875 1862 2970 quesistis
1885 2875 2020 2948 dicendo
2045 2899 2118 2971 pers
2142 2887 2198 2948 tue

780 3014 818 3076 ut
840 3027 906 3076 non
928 3003 1087 3098 potuisset
1122 3001 1195 3076 iltos
1224 3021 1414 3096 comperero
1444 3023 1506 3094 pro
1533 2999 1699 3094 legatione
1718 2999 1907 3094 dispositum
1933 3025 1998 3097 que
2020 3001 2099 3075 iecit
2123 3025 2197 3078 mc·

779 3137 907 3198 moreto
930 3125 1064 3198 iohanni
1086 3125 1221 3198 terrario
1244 3125 1385 3219 genitori
1408 3132 1532 3196 vostro:
1556 3133 1589 3196 et
1611 3145 1685 3218 pars
1709 3135 1820 3196 nutem
1834 3145 1909 3196 mse
1924 3126 2068 3220 replocns
2084 3128 2194 3202 dicens

778 3275 855 3324 rere
879 3251 956 3346 quio
980 3275 1056 3323 eece
1079 3253 1244 3346 qusdtuor
1267 3252 1346 3322 anni
1369 3249 1490 3343 expleti
1507 3249 1576 3342 ipss
1591 3263 1678 3325 terre
1692 3261 1913 3345 comparatum
1928 3253 2011 3325 obeo
2025 3264 2058 3326 et
2074 3254 2194 3328 sciente

778 3388 812 3449 te
844 3376 917 3450 illut
948 3375 1136 3470 comparati
1166 3384 1200 3448 et
1229 3396 1298 3446 non
1321 3375 1405 3446 mihi
1427 3375 1502 3446 iltos
1524 3377 1718 3450 contrestis:
1742 3379 1837 3452 Unde
1860 3380 1965 3452 multe
1987 3379 2196 3468 altercatione

778 3501 897 3572 exinde
922 3500 1006 3572 inter
1029 3521 1089 3572 nos
1113 3497 1264 3572 domn
1295 3507 1494 3570 nocentem
1518 3498 1697 3572 iudicatum
1721 3510 1770 3574 est
1792 3503 1910 3577 exindo
1933 3506 2019 3576 inter
2042 3504 2136 3579 nobis
2159 3514 2196 3578 ut

777 3627 805 3698 si
828 3627 971 3720 potnerit
993 3647 1068 3719 pers
1091 3647 1164 3696 mee
1187 3623 1249 3697 tibi
1271 3625 1456 3698 ostensione
1478 3627 1584 3698 iecere
1608 3628 1810 3724 quommodo
1825 3630 1946 3702 sciente
1961 3639 1994 3702 te
2008 3629 2085 3702 illut
2098 3654 2197 3706 corn-

776 3752 888 3848 parebi
912 3763 945 3824 et
968 3774 1035 3822 non
1056 3751 1139 3824 mini
1164 3751 1239 3824 illos
1261 3750 1431 3823 contrcstts
1454 3752 1686 3826 iuxiurendum
1709 3779 1786 3828 cum
1799 3753 1864 3850 ipsi
1879 3757 2014 3828 testibus
2032 3768 2069 3829 tn
2086 3768 2194 3830 outoni

776 3899 899 3972 ponere
928 3875 1012 3947 mini
1047 3875 1166 3948 exinde
1197 3875 1369 3949 securitate
1400 3877 1451 3950 sin
1483 3887 1592 3948 entem
1614 3877 1725 3950 iurore
1746 3901 1822 3972 pars
1844 3889 1902 3952 tua
1925 3878 2008 3952 mihi
2030 3889 2064 3954 et
2087 3881 2193 3954 dicere

777 4003 855 4098 quie
879 4003 1010 4098 quondo
1033 4001 1104 4097 ipsa
1127 4011 1215 4076 terra
1237 4023 1273 4078 ss
1294 4003 1490 4078 bennmdedi
1506 3982 1508 3988 ⁵
1523 4025 1591 4078 non
1615 4005 1719 4078 scistis
1743 4004 1818 4080 illut
1840 4015 1890 4080 set
1912 4005 2012 4078 modo
2034 4006 2093 4080 nbi
2115 4006 2190 4079 illut

776 4128 879 4200 scistis
903 4129 1073 4202 contrestis
1095 4129 1178 4202 mihi
1201 4129 1276 4206 illos
1292 4151 1355 4226 ego
1369 4133 1503 4206 reddere
1517 4131 1578 4204 tihi
1593 4133 1663 4228 ipse
1679 4141 1765 4206 terre
1780 4132 1822 4206 od
1836 4131 2047 4227 apretietunn:
2064 4143 2097 4206 et
2112 4131 2189 4228 quia

776 4274 843 4323 non
865 4253 973 4346 potnit
995 4254 1104 4328 taliter
1126 4256 1188 4327 tibi
1211 4257 1285 4329 illos
1308 4259 1479 4330 ostendere
1501 4233 1599 4330 niodo
1622 4281 1702 4332 vero
1725 4257 1926 4354 portehimus
1949 4257 2070 4332 ibidem
2092 4281 2189 4354 epre-

775 4381 909 4453 tietores
936 4390 969 4450 ct
992 4383 1233 4474 apretiohernnt
1265 4383 1338 4456 illos
1362 4385 1482 4456 solidos
1504 4387 1665 4480 quedtuor
1687 4393 1721 4455 ct
1743 4406 1819 4458 ecce
1841 4385 1876 4457 in
1900 4385 2056 4481 presentis
2079 4387 2186 4480 recepi

776 4531 795 4576 s
818 4515 909 4601 porte
932 4514 988 4577 tue
1012 4515 1229 4580 memoratum
1252 4521 1490 4581 sacramentnm
1511 4531 1576 4579 une
1599 4531 1676 4581 cum
1698 4509 1851 4606 ipsolidos
1872 4509 2037 4604 quodtuor
2060 4509 2101 4584 de
2128 4511 2190 4582 teri

774 4655 834 4702 ena
858 4633 1023 4726 quedtuor
1047 4633 1108 4702 teri
1130 4655 1189 4727 per
1211 4633 1331 4705 solidos
1355 4643 1388 4706 et
1410 4633 1537 4704 reddibi
1561 4635 1621 4705 tibi
1644 4645 1821 4706 memorato
1845 4645 1932 4706 terro
1946 4657 2011 4706 una
2025 4657 2101 4707 cum
2118 4635 2188 4730 ipse

775 4759 919 4832 chartule
942 4762 1191 4858 comparationis
1214 4785 1289 4834 mee
1312 4771 1345 4833 et
1369 4761 1503 4856 eput'te
1527 4763 1580 4832 itta
1604 4763 1714 4834 remisi
1728 4785 1804 4835 cum
1818 4763 1927 4833 omnin
1942 4785 2008 4857 qne
2023 4762 2185 4834 continet:

775 4894 808 4956 et
831 4885 962 4956 definibi
984 4885 1103 4958 exinde
1126 4895 1233 4959 tecum
1256 4895 1381 4959 etcum
1396 4885 1570 4959 heredibus
1591 4885 1911 4958 tuisinomnibuset
1926 4884 2042 4958 amodo
2057 4893 2188 4957 etsem-
