4876 6520
1429 613 1547 710 (22)

1438 898 1526 974 uxo

646 1179 699 1224 an.
864 1155 894 1252 †
918 1156 957 1228 Io
981 1155 1104 1226 omnine
1128 1155 1251 1224 domini
1274 1155 1326 1228 dei
1339 1153 1506 1226 salvatoris
1522 1154 1623 1226 nostri
1640 1155 1712 1226 iesu
1725 1152 1844 1226 Christi
1856 1153 2039 1248 {superante
2056 1153 2192 1228 domino

623 1290 708 1347 982.
766 1292 877 1352 nostro
901 1278 1012 1350 basilio
1037 1300 1153 1370 magno
1177 1278 1372 1370 Imperatore
1397 1300 1481 1349 anno
1505 1277 1659 1351 vioesimo
1682 1279 1836 1351 seeundo.
1853 1279 1911 1352 sed
1925 1289 1958 1352 et
1974 1279 2185 1354 Constantino

767 1429 883 1500 magno
907 1406 1102 1497 Imperatore
1127 1403 1225 1474 irater
1248 1401 1317 1478 eius
1341 1425 1426 1474 anno
1448 1403 1660 1474 omodeeimo.
1678 1403 1740 1475 Die
1756 1403 1908 1476 vicesima
1932 1414 2049 1500 quarta
2071 1406 2190 1478 mensis

766 1534 863 1627 magii
888 1531 1060 1605 indictione
1077 1529 1202 1602 decima
1217 1530 1366 1626 neapoli:
1386 1531 1489 1603 nora
1506 1541 1555 1604 est
1569 1531 1680 1628 itaque
1694 1533 1830 1604 intentio
1846 1533 1930 1604 inter
1945 1553 1998 1606 me
2015 1532 2189 1606 iohannem

767 1659 868 1731 fliium
892 1659 1056 1754 quondam
1081 1658 1203 1732 domini
1229 1658 1373 1754 aligerni.
1397 1667 1429 1728 et
1453 1681 1511 1730 vos
1528 1638 1676 1731 uidelicet
1692 1659 1825 1732 domino
1842 1659 2190 1732 iobonnes'oeaerubiiis

766 1787 1064 1858 auummonouerii
1090 1785 1181 1858 beate
1203 1795 1237 1856 et
1260 1785 1400 1880 gloriose
1423 1785 1474 1857 dei
1498 1787 1662 1880 genitricis
1694 1811 1885 1882 semperque
1917 1787 2053 1880 virginis
2083 1792 2184 1860 marie

767 1914 897 1984 domine
921 1919 1030 1984 nostre
1054 1912 1151 1982 situm
1175 1933 1255 1982 vero
1280 1909 1319 1982 ad
1342 1911 1398 1984 iiia
1422 1911 1570 2007 tumessad
1585 1913 1644 1984 illu
1659 1921 1764 1992 torem
1781 1935 1878 2007 super
1893 1912 2021 1985 heroica
2036 1913 2126 2008 quod
2140 1925 2189 1986 est

766 2038 857 2106 iuxta
865 2086 1087 2107 ..........
1096 2037 1135 2110 de
1158 2037 1361 2132 questionem
1383 2059 1482 2133 qnam
1505 2038 1606 2136 baput
1629 2061 1688 2111 vos
1711 2041 1816 2114 faeere
1839 2039 1927 2112 uisus
1950 2061 2033 2112 sum.
2049 2049 2185 2135 propter

766 2164 899 2235 ecelesia
916 2175 1020 2238 vestra
1045 2163 1202 2237 vocabulo
1224 2165 1309 2236 beati
1333 2163 1462 2237 mertini
1486 2164 1598 2238 christi
1622 2165 1821 2238 confessoris.
1845 2189 1910 2260 qus
1935 2187 1992 2238 vos
2013 2191 2032 2236 a
2056 2165 2182 2238 nobiter

767 2291 884 2362 fecistis
892 2343 1043 2364 ......
1063 2293 1173 2366 domui
1188 2304 1293 2364 vestre
1309 2293 1460 2366 ooniunta
1476 2317 1556 2366 uero
1572 2319 1591 2364 a
1607 2305 1697 2391 parto
1711 2295 1948 2389 septemtrionis
1964 2304 1997 2368 et
2012 2296 2186 2368 occidentis

767 2439 840 2486 cnm
866 2417 998 2488 bortum
1022 2397 1141 2489 meum.
1166 2418 1206 2490 de
1230 2442 1294 2514 qua
1318 2441 1377 2490 vos
1401 2419 1527 2516 quesivi
1549 2419 1685 2494 dicendo
1708 2443 1782 2516 pars
1805 2445 1877 2492 mee
1900 2421 2033 2516 quia...
2050 2475 2057 2492 .
2072 2472 2082 2492 .
2098 2473 2106 2492 .
2122 2475 2131 2493 .
2145 2473 2178 2492 ..

765 2541 922 2613 rationem
947 2541 993 2612 ibi
1016 2542 1069 2612 illa
1094 2543 1196 2613 iecisti
1221 2543 1299 2640 quia
1314 2539 1450 2616 domum
1465 2544 1561 2618 abere
1574 2543 1623 2616 ibi
1640 2565 1707 2616 non
1722 2545 1784 2618 fuit
1798 2544 1845 2616 sie
1861 2546 1895 2616 in
1911 2544 2012 2616 altum
2027 2543 2182 2617 editieata.

764 2667 861 2738 etiam
886 2667 925 2736 ab
949 2667 1017 2760 ipsa
1040 2668 1269 2742 occidentalem
1292 2677 1417 2764 partem
1439 2668 1587 2763 regiaset
1601 2671 1750 2762 fenetras
1772 2690 1839 2740 non
1855 2667 1966 2740 habui.
1988 2691 2061 2764 pars
2076 2679 2184 2742 anem

762 2797 868 2855 vestra
887 2786 1044 2858 asserebat
1067 2796 1104 2857 ut
1127 2787 1257 2883 quando
1280 2788 1349 2886 ipsa
1371 2787 1507 2862 domum
1521 2788 1666 2866 edificata
1679 2789 1743 2862 init
1760 2791 1789 2860 si
1802 2791 1875 2886 plus
1891 2790 1955 2862 tuit
1970 2811 2069 2886 quam
2087 2793 2184 2864 modo

763 2921 810 2982 est
834 2934 899 2982 non
922 2912 1038 2983 minus.
1062 2921 1094 2983 et
1117 2913 1162 2984 sio
1186 2913 1248 2985 init
1271 2913 1306 2986 in
1329 2915 1410 2988 dans
1428 2915 1546 3007 pinnas
1573 2913 1667 2988 sionti
1689 2913 1788 2986 modo
1812 2924 1861 2984 est
1883 2923 1917 2986 et
1940 2913 1974 2986 in
1998 2913 2066 3010 ipsa
2089 2917 2183 2986 oeci-

734 3039 921 3110 ‘dentaiem
944 3050 1069 3133 partem
1092 3041 1198 3135 regias
1220 3049 1254 3112 et
1276 3040 1419 3114 finestras
1442 3041 1552 3116 habui.
1582 3043 1619 3114 in
1643 3064 1690 3146 oe
1706 3040 1884 3116 iudicatum
1907 3049 1956 3113 est
1980 3041 2063 3120 inter
2092 3041 2183 3112 nobis

750 3160 797 3236 'nt
821 3168 848 3236 si
871 3167 1009 3237 babuerit
1033 3190 1107 3260 pars
1131 3177 1237 3239 uestra
1260 3167 1353 3240 nobis
1376 3173 1571 3244 seueritatem
1593 3173 1699 3242 faeere
1722 3170 1889 3266 quomodo
1909 3171 2039 3266 quando
2054 3172 2099 3243 ibi
2115 3175 2179 3244 do·

760 3315 851 3366 mum
877 3290 973 3362 abere
997 3290 1058 3363 fuit
1081 3291 1153 3384 plus
1178 3292 1240 3364 ruit
1263 3312 1363 3388 quam
1386 3292 1484 3366 modo
1508 3301 1556 3364 est
1579 3291 1684 3366 nrinns
1707 3301 1740 3362 et
1763 3291 1808 3363 sie
1832 3293 1894 3364 init
1918 3295 1953 3365 in
1968 3292 2047 3366 dnos
2064 3296 2179 3388 pinnas

668 3399 673 3406 ¹
758 3421 853 3492 sicuti
877 3419 977 3494 modo
1000 3429 1047 3494 est
1071 3430 1104 3494 et
1127 3421 1162 3491 in
1185 3421 1255 3514 ipen
1277 3417 1505 3494 occidentalem
1520 3397 1646 3516 partem
1660 3419 1764 3513 regies
1780 3431 1811 3492 et
1827 3423 1979 3494 fenestras
1991 3420 2090 3494 habui
2106 3423 2180 3494 ius-

759 3544 868 3618 iurare
898 3541 991 3616 nobis
1022 3542 1139 3616 exinde
1170 3563 1244 3638 pars
1275 3551 1381 3616 vestra
1414 3566 1490 3614 enm
1514 3543 1592 3640 ipsis
1616 3542 1751 3616 testibus
1774 3566 1834 3616 nos
1858 3554 1965 3617 autem
1988 3567 2181 3642 poneremus

757 3671 851 3744 vobis
874 3669 991 3744 exindo
1015 3639 1220 3745 securitates.
1239 3694 1312 3768 pars
1328 3681 1437 3746 nostra
1453 3672 1544 3746 vobis
1557 3673 1693 3768 prebere
1707 3681 1943 3744 sacramentum
1955 3673 2064 3748 dicens
2088 3675 2180 3748 robis

757 3805 794 3865 ut
810 3795 940 3890 quaudo
956 3795 1001 3867 ibi
1018 3795 1153 3870 domum
1166 3795 1286 3869 habere
1301 3795 1363 3870 init
1375 3818 1440 3869 non
1454 3796 1516 3868 fuit
1528 3796 1562 3868 in
1574 3793 1654 3868 dnus
1668 3795 1782 3890 pinnas
1796 3797 1891 3868 sicuti
1901 3799 1993 3871 modo
2008 3809 2127 3874 estnec
2143 3801 2178 3874 in

755 3924 823 4016 ipsa
848 3923 1077 3996 occidentalem
1100 3932 1225 4019 pmtem
1248 3924 1353 4019 regies
1376 3933 1409 3997 et
1432 3927 1584 3999 fenestras
1607 3925 1705 3997 bubni
1716 3933 1750 3997 et
1763 3926 1926 4021 poneretis
1941 3926 2034 4000 nobis
2057 3928 2174 4000 exinde

754 4049 965 4119 seemitatem.
990 4055 1023 4119 et
1045 4047 1122 4142 quia
1145 4070 1211 4119 non
1244 4048 1389 4120 baluistis
1412 4050 1502 4120 nobis
1531 4047 1639 4120 taliter
1671 4048 1872 4121 hostendere.
1904 4051 1950 4122 itu
1977 4061 2010 4123 et
2034 4075 2093 4126 neu
2117 4075 2176 4126 noe

756 4197 822 4246 non
846 4173 967 4246 fuimus
990 4171 1083 4246 robis
1106 4175 1223 4248 exinde
1241 4175 1412 4252 insinnare.
1431 4199 1517 4248 nune
1532 4186 1641 4249 antem
1656 4177 1690 4245 in
1707 4176 1848 4271 presenti
1863 4179 2036 4273 occepimus
2052 4203 2071 4250 n
2085 4191 2175 4274 purte

754 4309 860 4371 vestra
892 4307 1125 4370 sacramentum
1157 4299 1288 4370 diemde
1321 4313 1358 4372 nt
1381 4299 1510 4394 quomo
1533 4297 1580 4371 ibi
1603 4298 1738 4374 domum
1761 4301 1857 4374 abere
1879 4304 1943 4375 fuit
1964 4303 1993 4376 si
2016 4304 2088 4400 plus
2111 4305 2175 4378 fnit

753 4447 853 4522 quam
876 4423 976 4495 modo
999 4433 1135 4495 estnon
1168 4423 1275 4494 minus
1297 4431 1331 4496 at
1353 4424 1399 4496 sie
1421 4424 1483 4495 tuit
1507 4423 1541 4495 in
1564 4423 1644 4494 duas
1673 4423 1786 4518 pinnas
1817 4425 1912 4499 sicuti
1941 4426 2041 4500 modo
2064 4437 2113 4500 est
2135 4429 2171 4500 in

751 4553 820 4646 ipsa
845 4551 1062 4622 occidentatem
1080 4565 1205 4643 pertun
1227 4552 1331 4644 regies
1354 4559 1388 4624 ot
1410 4551 1563 4624 fenestras
1585 4550 1693 4624 habui.
1710 4563 1744 4626 et
1758 4551 1956 4629 difinivimns
1971 4555 2088 4632 exinde
2104 4579 2172 4630 ro·

751 4685 876 4756 bissum
899 4685 934 4754 in
957 4681 1120 4756 omnibus.
1145 4691 1179 4755 et
1201 4705 1306 4778 neque
1330 4707 1348 4752 a
1371 4683 1465 4755 nobis
1488 4693 1667 4756 memorato
1690 4685 1828 4758 iohanne
1845 4711 1949 4784 neque
1965 4713 1985 4760 a
2001 4690 2081 4762 meis
2103 4691 2169 4765 be·

749 4808 880 4880 redibas
902 4805 1075 4880 heredibus
1097 4807 1184 4877 natio
1208 4818 1340 4898 tempore
1362 4829 1532 4900 summum
1546 4829 1605 4878 vos
1626 4821 1821 4881 memoratus
1844 4812 1993 4886 dominus
2016 4813 2170 4889 iohannes

750 4931 939 5006 uenerabilis
962 4931 1058 5004 abbas
1081 4939 1138 5002 aut
1160 4931 1294 5026 posteris
1319 4927 1431 5003 vestris
1455 4929 1545 5024 quod
1569 4929 1651 5001 absit
1679 4931 1822 5004 habeatis
1850 4935 1967 5010 exinde
1994 4937 2167 5036 aliqnando
