4906 6520
1399 690 1415 800 l
1441 701 1506 774 tos
1529 699 1543 798 )

765 876 885 949 nostris
908 871 1081 945 herodibus
1107 889 1212 962 neque
1236 889 1255 932 a
1277 859 1384 932 nullus
1406 853 1593 928 hominibus
1616 873 1682 922 non
1706 848 1841 922 avevitis
1862 847 2040 942 querellam
2057 851 2108 922 vel
2122 873 2186 920 es-

656 1059 660 1066 ·
767 1005 892 1078 lomnie
907 1021 967 1074 vos
991 993 1163 1090 supradicti
1186 989 1342 1060 iohannes
1364 991 1397 1055 ot
1419 979 1539 1053 domne
1561 976 1604 1048 ila
1630 973 1790 1071 iugalibus
1804 973 1974 1067 nepon'lsus
1991 975 2109 1047 nostris
2125 1001 2185 1050 m.

769 1155 835 1229 que
858 1127 973 1200 vestris
996 1119 1167 1194 heredibus
1196 1116 1230 1185 in
1253 1111 1493 1206 sempiternum.
1527 1125 1642 1178 verum
1666 1102 1762 1174 etiam
1788 1102 1877 1196 quod
1900 1099 1983 1172 obsit
2006 1110 2038 1173 et
2061 1103 2183 1174 nerse

770 1251 919 1326 divinitas
934 1246 1024 1342 quod
1045 1241 1114 1314 sive
1137 1263 1197 1313 nos
1220 1238 1279 1334 qui
1303 1257 1400 1331 snpra
1424 1253 1518 1304 maru
1550 1229 1602 1302 vel
1634 1229 1751 1312 nostris
1772 1223 1945 1298 herodibus
1958 1226 2029 1298 sive
2043 1227 2184 1322 qualivet

770 1377 870 1452 homo
895 1383 1006 1447 contra
1029 1370 1112 1443 hono
1139 1375 1249 1440 nostre
1272 1360 1463 1438 venditionis
1486 1381 1543 1430 seu
1566 1351 1787 1450 promissionis
1811 1351 2005 1424 defensionis
2027 1353 2187 1424 contrarie

773 1501 879 1598 aliquo
910 1497 1028 1571 exinde
1060 1515 1155 1590 ogere
1185 1489 1385 1563 noluerimus
1418 1506 1613 1579 componere
1645 1501 1707 1552 nos
1730 1477 1948 1574 pronissime
1971 1480 2041 1551 sive
2071 1482 2187 1552 nostn's

773 1627 946 1702 herodibus
962 1623 1054 1699 vobis
1070 1621 1249 1715 vestrisqde
1272 1613 1449 1690 heredibus
1468 1633 1550 1708 pene
1573 1609 1705 1682 nomine
1728 1607 1800 1678 euri
1823 1603 1919 1679 euriti
1941 1608 2052 1679 uncins
2075 1630 2132 1680 sex
2157 1617 2189 1678 et
2340 1630 2353 1662 ·

774 1765 848 1852 post
863 1755 968 1828 soluta
983 1773 1066 1847 peno
1081 1773 1119 1824 eo
1134 1755 1246 1820 nostro
1268 1741 1412 1816 venditio
1443 1761 1501 1812 sen
1524 1732 1695 1830 promissio
1718 1731 1912 1804 defensionis
1940 1731 2032 1804 firma
2055 1753 2190 1827 prma-

775 1893 850 1955 neet
873 1881 908 1952 in
931 1889 1132 1975 perpetuum.
1162 1874 1279 1965 sosipta
1307 1893 1366 1964 per
1391 1889 1488 1962 rogos
1515 1873 1640 1936 nostros
1671 1888 1689 1932 a
1723 1859 1932 1932 losdemonno
1965 1860 2190 1932 archidiacono

776 2017 883 2080 sancte
908 2006 1053 2100 gaietano
1076 1999 1207 2072 ecclesie
1232 2006 1264 2066 et
1283 1997 1393 2066 soriva
1416 1991 1595 2088 supradicte
1618 1988 1756 2062 civitatis
1779 1987 1814 2058 in
1838 2009 1948 2062 mense
1971 1999 2003 2061 et
2015 1988 2191 2062 indictione

777 2131 958 2229 supradicto
982 2122 1278 2226 quartadecime.†
1301 2123 1431 2216 signum
1454 2141 1567 2191 monus
1591 2117 1770 2212 supradicte
1794 2137 1887 2189 mnu
1908 2137 1983 2188 enm
2007 2119 2087 2192 lilios
2110 2143 2193 2192 suos

778 2265 837 2358 qni
861 2261 1000 2333 scrivere
1029 2248 1155 2350 logavil
1257 2291 1260 2296 ·
1640 2249 1643 2256 ’

873 2390 905 2488 †
929 2413 991 2484 ego
1015 2384 1120 2458 bonus
1142 2387 1209 2459 filio
1236 2383 1328 2456 dlioti

874 2515 905 2611 †
928 2537 992 2610 ego
1014 2513 1067 2586 leo
1091 2511 1157 2582 tilio
1183 2509 1417 2583 constantinum

876 2640 907 2739 †
932 2645 1063 2739 signnm
1086 2661 1199 2712 ntenns
1223 2639 1264 2712 de
1288 2636 1398 2732 eigilos
1423 2635 1490 2708 filio
1514 2635 1677 2732 quondam
1701 2633 1854 2730 gregorio
1986 2691 1991 2698 .

875 2769 992 2868 †ego
1024 2769 1233 2842 lordemanno
1267 2761 1489 2837 archidiacono
1522 2769 1628 2834 saneto
1651 2760 1795 2855 gaietano
1818 2760 1952 2834 eoeleste
1982 2759 2139 2854 completi
2163 2773 2197 2834 et

784 2899 905 2974 dissolvi
930 2897 964 2970 in
990 2919 1097 2971 mense
1121 2903 1153 2966 et
1177 2892 1354 2966 indictione
1378 2887 1559 2984 supradicte
1582 2884 1826 2982 quartadecima.

1386 3283 1604 3356 ΡΙΝἸΒ.
