4876 6520
1367 591 1485 686 (¹2)

718 767 751 828 et
774 739 887 850 gubita
909 755 982 827 dua.
1008 755 1169 828 Vicesima
1191 755 1276 849 petia
1299 755 1418 828 dicitur
1440 757 1481 826 ad
1504 766 1723 851 querquetum
1746 755 1787 826 de
1806 752 1899 825 amba
1923 755 2022 827 latera
2047 765 2132 828 terra

720 885 831 956 ursilei
853 895 886 956 et
909 885 950 955 de
972 884 1066 954 amba
1087 885 1191 977 capita
1199 933 1377 956 ........
1382 883 1541 954 benedieti
1564 883 1636 953 abet
1659 907 1717 976 per
1739 883 1875 976 longum
1899 905 2007 974 passos
2022 883 2134 955 decem

721 1025 754 1084 et
778 1023 852 1082 octo
874 1022 907 1082 et
930 1035 988 1104 per
1011 1011 1137 1104 singula
1159 1015 1262 1106 capita
1287 1033 1394 1104 passos
1410 1010 1589 1082 duodecim.
1612 1010 1769 1081 Bicesima
1786 1009 1889 1102 prima
1909 1009 1947 1078 de
1964 1031 2027 1077 una
2045 1021 2135 1103 parte

722 1141 801 1210 eaba
824 1142 864 1212 de
886 1139 948 1212 alia
972 1152 1062 1232 parte
1085 1149 1169 1210 terra
1192 1137 1317 1209 sellieti.
1345 1139 1385 1208 de
1410 1139 1512 1212 tertia,
1526 1147 1616 1229 parte
1640 1147 1726 1207 terra
1746 1137 1877 1207 iohanni
1901 1137 2067 1228 arniperti.
2094 1141 2133 1206 de

722 1284 836 1360 qaenrto
861 1278 948 1361 parte
971 1277 1056 1337 terra
1078 1265 1223 1358 gerololi.
1250 1264 1410 1336 vicesima
1434 1266 1572 1336 secunde
1589 1265 1674 1357 petia
1688 1264 1862 1357 proprincu
1876 1263 2008 1334 ecclesie
2024 1277 2131 1334 sancte

724 1392 824 1462 marie
847 1391 887 1462 de
910 1413 979 1460 unu
1005 1389 1070 1458 latu
1093 1389 1127 1458 in
1152 1388 1254 1459 limite
1270 1387 1336 1458 aliu
1349 1388 1417 1458 latu
1433 1397 1518 1459 terra
1534 1389 1693 1482 gundperti
1708 1413 1776 1460 unu
1790 1413 1874 1482 capu
1899 1385 2031 1459 iohanni
2047 1387 2140 1458 arni-

725 1517 816 1608 perti.
840 1514 906 1585 aliu
926 1537 1008 1606 capu
1023 1523 1110 1582 terra
1124 1512 1330 1606 suprascripti
1346 1511 1514 1605 gualperti.
1532 1512 1685 1583 Bicesima
1701 1513 1794 1584 tertia
1811 1514 1896 1607 petia
1919 1513 2029 1606 ibique
2049 1513 2140 1582 cirka

725 1653 842 1713 terram
867 1640 1009 1712 andolini
1029 1641 1069 1709 de
1093 1640 1154 1709 alia
1174 1648 1263 1731 parte
1286 1649 1371 1708 terra
1395 1639 1553 1732 gudiperti
1578 1641 1619 1710 de
1642 1638 1709 1710 duo
1732 1649 1822 1731 parte
1848 1649 1932 1709 terra
1956 1639 1996 1708 de
2019 1639 2142 1709 omines

725 1767 783 1861 qui
809 1765 856 1836 ibi
880 1765 920 1834 ad
943 1765 1022 1834 lines
1045 1773 1128 1832 sunt.
1156 1761 1314 1832 Vicesima
1337 1773 1452 1856 quarta
1475 1763 1559 1854 petia
1584 1761 1701 1832 dicitur
1724 1761 1914 1833 adtribium
1929 1762 1968 1832 de
1985 1783 2051 1829 unu
2076 1761 2140 1829 latu

727 1892 804 1962 caba
828 1891 894 1960 aliu
917 1890 983 1957 latu
1004 1890 1093 1957 'terra
1117 1887 1175 1956 lilii
1198 1887 1264 1956 erei
1287 1887 1486 1979 longitudine
1510 1886 1593 1978 passi
1616 1886 1769 1958 sedecim.
1797 1909 1865 1956 unu
1881 1908 1964 1978 capu
1979 1896 2063 1955 terra
2081 1909 2142 1955 ac-

729 2020 823 2092 clesie
845 2029 951 2088 sancte
975 2019 1077 2086 marie
1100 2017 1139 2085 de
1162 2013 1376 2107 suprascripto
1400 2014 1472 2084 loeo
1496 2013 1561 2083 aliu
1577 2037 1659 2108 capu
1673 2026 1756 2086 terra
1782 2015 1822 2086 de
1846 2014 1904 2085 filii
1920 2013 2140 2106 iobemprandi

728 2171 787 2240 per
811 2147 914 2239 capita
938 2144 1051 2214 abente
1075 2160 1182 2236 passos
1206 2141 1369 2214 tredecim.
1393 2141 1681 2236 vicesimoquinto
1697 2141 1783 2235 petia
1800 2143 1839 2214 de
1856 2165 1925 2214 unu
1941 2143 2008 2211 latu
2023 2151 2055 2212 et
2071 2163 2143 2211 unn

729 2297 812 2366 capu
835 2283 919 2342 terra
935 2273 975 2342 de
989 2270 1194 2364 suprascripti
1209 2269 1268 2341 filii
1282 2269 1430 2341 bitolaeci
1445 2269 1510 2340 aliu
1533 2269 1600 2339 latu
1624 2278 1710 2340 terra
1733 2277 1840 2340 sancte
1863 2268 1964 2339 marie
1980 2269 2045 2337 aliu
2065 2290 2147 2359 capu

729 2399 782 2470 bia
795 2395 1018 2467 communalis.
1037 2394 1240 2485 longitndine
1256 2416 1363 2488 passos
1377 2393 1517 2464 sedecim
1532 2401 1564 2462 et
1580 2418 1637 2487 per
1653 2393 1757 2487 capita
1773 2415 1880 2486 pessos
1896 2401 1973 2463 tres.
1992 2394 2033 2463 ad
2058 2413 2149 2461 meu·

729 2545 803 2594 sura
819 2524 859 2594 de
882 2543 974 2615 passo
987 2520 1118 2592 landoni
1133 2519 1252 2590 seniori
1267 2519 1397 2590 castaldi
1412 2531 1598 2590 mensurato
1612 2529 1671 2591 est.
1687 2519 1747 2592 bec
1763 2531 1870 2591 autem
1893 2521 2040 2613 superius
2064 2519 2148 2590 dicte

729 2650 812 2740 petie
828 2651 867 2720 de
882 2647 976 2718 terris
991 2647 1128 2741 qualiter
1142 2648 1288 2741 superius
1304 2648 1343 2718 de
1359 2647 1422 2718 fine
1437 2647 1470 2716 in
1487 2645 1584 2717 finem
1599 2647 1735 2720 indicate
1750 2657 1783 2717 et
1798 2657 2069 2718 mensuratosnnt.
2087 2669 2148 2717 una

730 2795 805 2843 cum
817 2771 946 2842 arbones
961 2780 992 2841 et
1007 2794 1082 2841 cum
1098 2772 1206 2841 omnia
1219 2770 1482 2842 introabentibus
1491 2771 1601 2842 subter
1610 2782 1642 2843 et
1653 2794 1749 2864 super
1761 2780 1793 2842 et
1808 2795 1883 2841 cum
1894 2771 1947 2841 bie
1962 2795 2018 2841 sue
2031 2771 2150 2842 ibidem

731 2899 870 2970 intrandi
880 2908 912 2970 et
928 2898 1055 2972 exiendi
1070 2909 1166 2971 eunte
1180 2908 1213 2970 et
1224 2899 1347 2991 integre
1358 2897 1426 2990 ipse
1438 2898 1529 2970 vobis
1544 2899 1601 2992 qui
1618 2923 1717 2992 supra
1729 2899 1852 2969 domini
1866 2898 1998 2969 atenolfi
2011 2899 2044 2966 in
2062 2921 2149 2967 caur-

733 3025 824 3096 bium
847 3026 994 3096 dedimus
1011 3037 1043 3095 et
1059 3025 1256 3094 tradedimus
1272 3025 1311 3094 ad
1327 3025 1558 3116 possessionem
1573 3035 1661 3094 tuam
1678 3035 1710 3094 et
1725 3025 1914 3118 supradictis
1929 3025 2049 3097 domini
2074 3025 2149 3094 lan-

661 3129 664 3138 '
736 3151 853 3221 aenon
877 3149 998 3218 rama
1013 3159 1046 3218 a
1070 3149 1174 3240 gisolfi
1189 3148 1347 3240 germana
1370 3147 1435 3218 tua
1459 3159 1491 3219 a
1514 3149 1751 3222 navarrorum
1769 3149 1949 3222 neruum.
1975 3151 2090 3222 aranu
2114 3177 2152 3220 ae

735 3275 918 3370 possidendi
941 3285 974 3344 et
997 3275 1133 3344 faciendi
1149 3275 1263 3346 exinde
1278 3275 1387 3346 emnia
1402 3299 1466 3370 que
1481 3275 1573 3348 vobis
1590 3277 1782 3370 placuerint:
1810 3280 1901 3350 Unde
1918 3280 1956 3349 de
1976 3281 2042 3350 iam
2060 3279 2152 3348 dictis

737 3403 830 3474 terris
845 3402 928 3470 inira
944 3402 1009 3472 iam
1026 3403 1109 3472 dicta
1126 3401 1197 3470 finis
1221 3411 1253 3471 et
1276 3401 1533 3472 indicationibus.
1553 3426 1610 3474 nec
1625 3403 1717 3472 nobis
1733 3427 1792 3473 nec
1808 3405 1846 3474 ad
1863 3405 2018 3474 uxoribus
2036 3405 2151 3473 nostris

737 3557 796 3604 neo
812 3531 985 3602 alieuilibet
1000 3531 1116 3601 exinde
1131 3531 1252 3601 nullam
1267 3530 1509 3602 reserbabimos.
1524 3542 1572 3602 set
1587 3543 1720 3603 contum
1735 3543 1767 3604 et
1779 3531 1941 3641 integrum
1957 3533 2043 3624 ipsos
2058 3532 2151 3602 vobis

737 3661 773 3731 in
796 3659 958 3730 cambium
982 3658 1126 3728 dedimus
1150 3669 1181 3728 et
1203 3657 1392 3730 tradidimus
1415 3657 1497 3728 sieut
1519 3681 1616 3751 supra
1640 3659 1789 3729 diximus.
1815 3661 1857 3728 Et
1877 3681 1934 3752 per
1957 3658 2020 3728 hec
2040 3669 2149 3728 nostra

741 3785 952 3856 cambiatione
976 3783 1010 3852 in
1035 3783 1197 3854 cambium
1220 3781 1400 3874 recepimus
1424 3805 1483 3852 nos
1506 3782 1633 3854 sellieto
1653 3793 1685 3852 et
1708 3783 1791 3874 petri
1815 3792 1847 3852 et
1872 3781 1949 3851 sassi
1969 3779 2101 3850 iohanni
2123 3791 2154 3849 et

738 3913 849 4003 angelo
876 3923 908 3980 et
931 3910 1012 4002 petri
1036 3919 1068 3980 et
1092 3911 1200 3980 martii
1225 3918 1257 3979 et
1280 3910 1412 3980 iohanni
1436 3922 1469 3980 et
1485 3911 1627 3980 meraldo
1651 3921 1683 3980 et
1711 3911 1841 3982 iohanni
1866 3909 2027 4003 gallinola.
2054 3929 2148 3978 avos

739 4036 797 4128 qui
821 4057 917 4128 supra
941 4035 1073 4104 domino
1096 4034 1273 4104 atenolfum
1303 4057 1363 4127 pro
1393 4035 1463 4106 bice
1488 4047 1542 4106 tua
1565 4048 1598 4106 et
1622 4038 1661 4107 de
1684 4037 1892 4129 suprascripti
1916 4046 1980 4104 tres
2004 4032 2148 4124 germani

739 4156 798 4226 tui.
822 4152 885 4224 hoc
909 4165 957 4224 est
980 4155 1081 4224 tribus
1105 4156 1188 4247 petie
1212 4157 1251 4226 de
1275 4167 1360 4226 terre
1369 4205 1373 4212 -
1383 4168 1488 4228 vestre
1503 4181 1584 4252 quas
1598 4158 1754 4228 habuistis
1769 4159 1803 4228 iu
1818 4160 1892 4228 loco
1905 4179 2057 4228 cesenam
2075 4179 2152 4225 ma-

739 4282 809 4352 iore
841 4281 998 4373 propincu
1029 4281 1097 4372 ipsa
1130 4282 1258 4353 cibitate
1289 4284 1423 4355 Kaiatie.
1455 4285 1563 4355 Prima
1596 4285 1679 4378 petia
1703 4287 1804 4356 bando
1832 4285 1988 4380 propincu
2018 4283 2149 4355 ecclesia
2186 4338 2191 4347 ,

743 4405 846 4476 sancti
867 4406 929 4474 rufi
953 4427 1017 4499 que
1041 4405 1112 4477 abet
1136 4407 1207 4478 finis
1224 4409 1264 4480 de
1279 4431 1348 4478 unu
1370 4407 1437 4478 latu
1452 4408 1505 4478 bia
1520 4410 1658 4503 publica.
1684 4411 1749 4480 aliu
1764 4411 1832 4480 latu
1848 4423 1932 4482 terra
1950 4409 2145 4482 araselberti.

743 4551 809 4598 unu
834 4551 914 4620 capu
938 4526 973 4596 in
997 4527 1174 4622 subscripta
1197 4531 1281 4622 petia
1305 4541 1337 4602 et
1359 4531 1422 4602 bia.
1454 4531 1520 4602 aliu
1553 4555 1636 4624 capu
1666 4543 1751 4603 terra
1775 4533 1815 4603 de
1843 4532 1889 4601 illi
1915 4533 1954 4604 de
1983 4529 2152 4600 ranecdusi

743 4655 880 4724 etaient
903 4655 1039 4725 rebolbit
1062 4659 1129 4748 ipse
1152 4658 1303 4727 intersico
1326 4668 1359 4727 et
1383 4659 1471 4729 badit
1494 4681 1596 4752 usque
1621 4661 1662 4730 ad
1677 4669 1762 4730 terra
1786 4661 1981 4731 araselberti.
2008 4657 2154 4730 Secunda

744 4779 827 4872 petia
852 4777 962 4872 ibique
985 4780 1024 4848 de
1049 4803 1114 4850 unu
1131 4779 1200 4850 latu
1219 4791 1301 4848 terra
1317 4792 1423 4850 sancte
1438 4781 1570 4852 ecclesie
1586 4783 1686 4852 sancti
1702 4785 1765 4854 ruli
1781 4783 1846 4852 aliu
1862 4785 1928 4853 latu
1945 4795 2028 4853 terra
2043 4803 2156 4872 supra-

745 4904 1074 5004 scriptuaraselbcrti.
1092 4927 1160 4980 unu
1177 4927 1259 4998 capu
1273 4903 1308 4977 iu
1322 4906 1535 5000 suprascripta
1551 4908 1658 5002 prima
1674 4907 1759 5002 petia
1775 4907 1842 4978 aliu
1857 4931 1938 5002 capu
1954 4918 2040 4980 tenet
2055 4906 2088 4976 in
2103 4904 2160 4975 bia
