4906 6520
1373 1129 1496 1198 Christe
1523 1133 1601 1198 inte.

673 1407 724 1455 en.
877 1388 967 1480 †ln
991 1391 1121 1460 nomine
1145 1389 1267 1458 domini
1292 1387 1345 1460 dei
1370 1388 1536 1460 silvatoris
1561 1389 1662 1458 nostri
1686 1389 1782 1460 lhesu
1806 1389 1924 1478 Christi
1938 1392 2120 1484 imperante
2136 1393 2197 1462 do·

649 1494 733 1581 997¹.
782 1517 871 1586 mino
894 1525 1004 1587 nostro
1027 1514 1142 1586 basilio
1167 1537 1283 1607 magno
1308 1519 1502 1607 Imperatore
1526 1539 1611 1584 enno
1635 1516 1798 1586 tricesimo
1813 1515 1974 1586 hoembo:
1994 1517 2049 1586 sed
2067 1527 2098 1584 et
2113 1539 2189 1586 con·

697 1683 699 1688 ,
781 1644 920 1714 etentino
943 1663 1062 1734 magno
1086 1641 1278 1733 imperatore
1303 1663 1388 1710 enno
1420 1641 1582 1724 tricesimo
1615 1642 1757 1736 quinto:
1785 1644 1837 1712 die
1861 1644 1962 1734 prima
1988 1643 2106 1714 mensis
2129 1666 2195 1712 no-

784 1769 920 1839 bembrii
944 1767 1118 1842 indictione
1142 1767 1311 1836 undecimo
1336 1767 1480 1861 neapoli:
1505 1767 1638 1839 Certum
1662 1779 1710 1838 eet
1734 1789 1786 1840 me
1810 1769 1965 1861 stephano
1995 1769 2094 1840 umile
2117 1791 2197 1861 pre-

786 1897 940 1967 sbiterum
963 1895 1145 1966 surrentino
1169 1901 1277 1964 custus
1301 1892 1432 1962 ecclesie
1457 1894 1556 1963 sancti
1582 1895 1731 1965 mertini:
1751 1895 1889 1964 abitator
1905 1897 1937 1965 in
1962 1893 2034 1966 loeo
2058 1895 2114 1988 qui
2133 1916 2199 1963 vo-

789 2031 880 2089 cetur
903 2017 1026 2110 palme:
1051 2027 1083 2087 et
1107 2017 1291 2086 nominatur
1313 2015 1483 2086 lioiuiune:
1507 2019 1537 2086 A
1561 2019 1700 2110 presenti
1723 2020 1774 2090 die
1791 2021 1944 2112 promitto
1961 2019 2052 2089 vohis
2068 2019 2201 2088 domino

791 2143 938 2234 filippum
960 2138 1135 2209 venerabili
1159 2138 1313 2228 igumeno
1338 2138 1526 2210 monosterii
1549 2149 1732 2210 sanctorum
1756 2141 1855 2232 sergii
1878 2153 1909 2208 et
1924 2139 2015 2208 bechi
2033 2140 2091 2232 qui
2112 2161 2203 2208 nuuc

793 2273 1005 2358 congregatus
1029 2286 1063 2336 ee
1087 2265 1121 2333 in
1144 2263 1339 2334 monasterio
1370 2275 1554 2336 sanctorum
1578 2265 1738 2337 theodorii
1760 2276 1794 2336 et
1816 2265 1985 2354 sevestieni
2009 2265 2068 2358 qui
2093 2263 2208 2355 appel-

794 2391 878 2470 letur
901 2387 1058 2480 cesapietu
1082 2387 1180 2458 eitum
1203 2387 1240 2460 io
1261 2387 1487 2459 viridiarium:
1523 2402 1555 2458 et
1587 2401 1620 2458 ut
1642 2401 1753 2460 contar
1768 2393 2026 2483 ‘congregatione
2050 2408 2201 2484 monaco-

793 2535 869 2596 rum
894 2511 1063 2589 memorati
1086 2510 1187 2582 suncti
1211 2521 1245 2582 et
1267 2509 1459 2581 venerabilis
1481 2512 1580 2582 voetri
1603 2512 1810 2582 monasterii:
1836 2521 1968 2605 propter
1981 2511 2123 2602 integrae
2146 2531 2201 2579 sex

796 2639 907 2706 uncias
938 2644 1059 2708 vestrae
1082 2637 1122 2706 de
1146 2634 1308 2726 integrum
1339 2634 1477 2706 mudum
1513 2644 1678 2705 vestrum:
1702 2644 1734 2705 et
1758 2634 1944 2706 nominatur
1967 2643 2000 2702 et
2023 2632 2071 2702 illi
2095 2631 2208 2726 cupuni

796 2765 937 2856 positum
961 2761 995 2830 in
1018 2770 1197 2834 memorato
1221 2761 1294 2832 loeo
1318 2759 1410 2832 iuxtu
1431 2761 1570 2834 nudum
1592 2761 1727 2834 heroden
1750 2761 1914 2856 qnondam
1938 2761 2057 2834 eurioei
2082 2763 2122 2833 de
2143 2783 2212 2830 me

784 2893 926 2960 'moreto
948 2889 1045 2958 loeo:
1071 2911 1135 2960 uun
1158 2909 1234 2959 enm
1257 2887 1427 2960 minucias
1450 2888 1492 2960 de
1514 2897 1590 2958 ooto
1614 2890 1715 2981 petieo
1739 2889 1779 2968 de
1803 2887 1891 2960 terre
1912 2891 2050 2982 pertinet
2065 2890 2114 2962 vel
2131 2913 2212 2983 per·

800 3018 935 3090 tinentet
958 3016 1057 3087 fueris
1080 3027 1114 3084 et
1136 3025 1330 3086 memoratus
1352 3039 1410 3088 nex
1432 3015 1544 3087 uncias
1571 3025 1691 3087 vestroe
1713 3018 1754 3087 de
1777 3029 1991 3088 memoratum
2010 3016 2162 3088 fundum:
2183 3027 2212 3084 et

801 3141 895 3218 nobis
919 3148 952 3210 et
974 3139 1009 3208 in
1032 3148 1212 3208 memorato
1235 3151 1345 3208 saneto
1368 3147 1402 3210 et
1416 3139 1593 3210 venerabili
1609 3151 1716 3210 vestro
1732 3139 1928 3210 monasterio
1942 3137 2081 3232 pertinet
2097 3163 2115 3208 e
2133 3161 2213 3231 per-

802 3268 890 3341 tibus
913 3265 1027 3336 militie
1063 3265 1196 3342 insimul
1217 3267 1321 3356 posite
1343 3265 1378 3334 in
1400 3237 1581 3336 memorato
1603 3266 1676 3336 loeo
1699 3265 1823 3359 pulmo:
1847 3287 1913 3336 unu
1938 3271 2021 3338 *eum
2046 3265 2216 3337 erroribus

707 3379 710 3387 ’
805 3399 848 3468 et
861 3387 1009 3461 introitus
1031 3409 1105 3462 suen
1127 3394 1161 3456 et
1182 3384 1335 3462 omnihus
1357 3385 1419 3456 rivi
1442 3385 1693 3482 pertinentibus:
1709 3387 1813 3480 primu
1830 3387 1930 3480 petius
1953 3385 1993 3458 de
2016 3397 2209 3459 memoretis

805 3523 910 3590 terres
933 3513 1118 3599 nominetur
1142 3527 1176 3592 et
1198 3522 1346 3606 petrmu:
1369 3513 1523 3584 emundes
1546 3513 1650 3606 petiae
1671 3513 1855 3594 nominetur
1879 3522 1913 3583 et
1936 3513 2092 3587 tribeum:
2117 3516 2212 3585 tertie

807 3638 910 3732 potins
933 3639 1117 3710 nominetur
1140 3640 1254 3718 suhuie
1277 3651 1310 3710 ut
1332 3639 1494 3712 brenniti:
1519 3649 1635 3733 quarte
1657 3641 1742 3733 petie
1775 3640 1960 3718 nominetur
1989 3661 2085 3734 supra
2110 3642 2162 3710 vir
2186 3649 2217 3710 at

809 3762 967 3842 hrenniti:
993 3763 1122 3856 quintae
1146 3764 1246 3856 petiae
1269 3763 1455 3847 nominetur
1477 3771 1510 3832 ot
1532 3763 1722 3856 soenplune:
1749 3774 1838 3838 nexta
1860 3764 1964 3856 potins
1979 3764 2167 3834 nominetur
2187 3772 2219 3834 et

811 3886 954 3956 celenna:
980 3885 1115 3978 septima
1139 3886 1239 3980 petius
1263 3885 1451 3970 nominetur
1474 3895 1508 3955 et
1530 3884 1708 3956 tournellor-
1731 3897 1867 3984 excepto
1891 3885 1959 3978 ipee
1984 3885 2136 3958 inuerteto
2160 3909 2225 3979 que

811 4014 847 4084 in
868 4019 976 4082 restra
991 4011 1243 4090 reservavnetitie
1259 4019 1436 4104 potentatee
1453 4011 1590 4098 lrootnbe
1605 4012 1706 4104 petiit
1722 4035 1786 4105 que
1801 3991 1988 4094 nominetur
2003 4035 2101 4108 euprr
2117 4024 2225 4086 monte

814 4135 854 4205 de
872 4135 1001 4206 meione
1025 4145 1162 4227 excepto
1185 4135 1238 4220 ille
1261 4135 1415 4206 inserteto
1437 4157 1503 4230 que
1527 4135 1561 4206 in
1585 4145 1691 4206 vestre
1714 4135 1926 4220 reeemeetitie,
1947 4148 2121 4232 potente:
2145 4160 2227 4232 quie

814 4279 896 4338 uero
918 4267 1111 4337 memoratas
1125 4259 1293 4342 sexunciue
1307 4257 1348 4334 de
1363 4265 1579 4332 memoratum
1593 4258 1730 4337 fundum
1744 4282 1809 4332 unu
1825 4281 1900 4336 oum
1917 4281 1974 4338 sex
1989 4261 2080 4332 uncie
2095 4260 2135 4330 de
2150 4281 2228 4330 me-

816 4393 941 4464 morate
964 4395 1038 4468 ooto
1061 4383 1162 4486 petiee
1185 4384 1225 4462 de
1248 4393 1443 4468 memoratae
1465 4395 1552 4468 terra
1575 4395 1612 4454 ut
1633 4407 1730 4478 nuper
1753 4385 1870 4478 legitur
1894 4385 1975 4468 milri
1999 4387 2144 4480 meisque
2166 4385 2232 4457 lie-

817 4502 949 4586 redibue
983 4503 1141 4589 dedistitin
1173 4505 1425 4604 respomntioum
1449 4516 1482 4588 et
1505 4507 1734 4582 detinendum:
1761 4510 1860 4581 ineo
1895 4521 2008 4593 tenore
2032 4521 2069 4582 ut
2092 4511 2127 4580 in
2159 4532 2230 4582 mer

817 4631 985 4726 meisque3
1011 4626 1186 4710 heredibus
1209 4629 1273 4704 tint
1294 4637 1466 4724 potentator
1489 4633 1619 4712 tenendi
1633 4645 1667 4704 et
1682 4635 1866 4708 dominandi
1884 4659 1940 4715 een
1954 4637 2133 4710 eemionndi
2148 4660 2238 4710 eru-

821 4755 1007 4846 cummines,
1020 4763 1053 4826 et
1076 4753 1158 4839 bite·
1181 4754 1303 4828 ibidem
1327 4759 1416 4830 omni
1438 4781 1545 4832 annue
1565 4783 1687 4854 ponere
1702 4774 1736 4833 et
1749 4763 1893 4857 plantare
1916 4763 2090 4844 debemur
2105 4766 2162 4837 uhi
2178 4787 2239 4842 ue-

822 4881 919 4962 remi·
942 4881 1041 4968 luerit,
1063 4893 1097 4965 et
1119 4903 1215 4988 snper
1238 4905 1290 4956 me
1314 4881 1502 4979 reeolligere
1526 4885 1699 4968 deleamur
1721 4889 1834 4970 subtus
1857 4901 1889 4962 et
1904 4913 2003 4986 nuper
2017 4891 2103 4970 unde
2116 4889 2238 4962 nullm
