4876 6520
1387 1203 1514 1276 Christo
1535 1203 1619 1274 iare.

665 1487 721 1534 au.
886 1458 918 1558 †
940 1465 977 1534 ln
999 1459 1132 1532 nomine
1154 1455 1279 1530 domini
1302 1453 1357 1530 dei
1377 1453 1548 1530 salvatoris
1570 1454 1672 1526 nosti
1687 1453 1784 1524 lhesu
1805 1450 1929 1526 Christi
1949 1453 2132 1549 tmperants
2154 1461 2212 1532 (ιο.

649 1599 734 1662 988.
794 1589 884 1664 mino
908 1593 1019 1663 nostro
1041 1585 1156 1660 basilio
1178 1605 1300 1678 magno
1321 1583 1520 1678 Imperatore
1542 1603 1628 1654 auuo
1650 1581 1805 1656 vicesimo
1827 1586 1963 1652 octavos
1989 1582 2046 1656 sed
2069 1592 2103 1656 et
2127 1609 2211 1660 con-

793 1714 934 1788 stantino
955 1734 1074 1806 magno
1102 1711 1300 1805 Imperatore
1324 1729 1408 1780 auno
1442 1707 1598 1782 uicesimo
1631 1706 1748 1802 quinto
1770 1704 1824 1778 die
1845 1704 2061 1782 sextadecima
2091 1713 2209 1786 mensis

794 1841 923 1934 augusti
946 1838 1121 1911 indictione
1143 1837 1250 1931 prima
1271 1834 1421 1930 neapoli:
1455 1834 1589 1906 Certum
1610 1843 1661 1906 est
1685 1853 1747 1904 nos
1770 1831 1915 1928 sergium
1939 1834 2073 1908 umilern
2096 1836 2210 1910 arciri-

794 1967 1008 2062 presbiterum
1032 1973 1065 2036 et
1079 1963 1277 2059 dispensator
1292 1961 1425 2036 ecclesio
1440 1963 1543 2034 sancti
1558 1961 1644 2056 potri
1660 1959 1773 2034 christi
1789 1961 2007 2058 apostolique
2023 1963 2162 2056 ponitur
2178 1973 2210 2034 at

795 2091 914 2166 media.
937 2091 1010 2162 Una
1030 2109 1109 2162 cum
1132 2088 1298 2160 voluntate
1314 2088 1356 2161 de
1371 2085 1522 2162 dominiis
1537 2093 1714 2158 memorate
1730 2083 1981 2164 ecclcsissaneti
1996 2085 2080 2178 pctri
2092 2089 2210 2180 quanti

795 2219 929 2292 inferius
952 2216 1164 2311 subscripturi
1186 2215 1240 2290 uel
1260 2215 1400 2310 ugrum,
1413 2224 1522 2288 sancte
1544 2214 1649 2286 crucis
1672 2215 1790 2288 facturi
1812 2223 1904 2288 caute
1938 2213 1970 2290 A
1992 2217 2134 2308 presenti
2159 2215 2210 2288 die

795 2341 1011 2438 promtissima
1032 2339 1199 2424 uoluntate
1221 2336 1456 2412 omutaeimcs
1478 2347 1512 2412 et
1533 2335 1724 2410 tradidimus
1746 2335 1841 2410 robis
1867 2337 2002 2418 domino
2031 2346 2124 2431 patro
2146 2361 2209 2410 uo-

794 2464 930 2537 uerabiti
954 2463 1061 2534 abbati
1083 2461 1269 2534 monasterii
1291 2467 1478 2536 sanctorum
1497 2459 1640 2538 sororini
1661 2469 1696 2532 et
1709 2459 1790 2542 sossi
1804 2458 1863 2544 uiri
1877 2483 1994 2534 eorum
2014 2461 2208 2534 ucuuabilir

795 2589 965 2682 quiescunt
997 2607 1144 2678 corpora.
1180 2585 1265 2658 ldest
1295 2585 1420 2682 integra
1447 2605 1513 2668 uua
1536 2593 1622 2658 terra
1645 2593 1754 2656 nocua
1776 2583 1857 2662 iuris
1880 2584 2059 2679 ipsiusdem
2080 2585 2208 2658 ecclesie

794 2725 904 2787 nostre
926 2737 991 2808 que
1012 2721 1147 2796 uocatur
1167 2721 1204 2786 et
1226 2715 1360 2808 ponitur
1368 2715 1409 2800 ju
1423 2711 1498 2787 loco
1513 2715 1572 2810 qui
1586 2721 1723 2786 rocaurr
1738 2713 1985 2808 canapaganain
1998 2713 2080 2790 ioris
2096 2714 2207 2808 gripta

795 2863 862 2914 una
885 2861 963 2912 curo
983 2839 1152 2912 arvoribur
1170 2841 1349 2926 ¹firrrctiicris
1369 2839 1424 2916 rel
1448 2840 1656 2914 infructiferis
1678 2847 1712 2912 et
1734 2861 1810 2912 cum
1833 2839 1982 2912 innotus
2006 2861 2082 2912 suas
2105 2841 2210 2912 omui·

794 2967 934 3063 husq'ue:
950 2967 998 3040 eis
1012 2967 1245 3062 pertinentibus
1259 2989 1361 3064 quem
1375 2971 1411 3042 in
1425 2978 1603 3042 memorata
1617 2967 1751 3040 ccclesia
1774 2969 1876 3040 sancti
1890 2968 1974 3063 petri
1990 2967 2100 3039 obcuit
2115 2993 2134 3040 a
2157 2992 2210 3040 ce·

795 3095 879 3166 serio
903 3094 970 3166 filio
993 3096 1156 3190 quondam
1178 3096 1301 3166 domiui
1325 3094 1458 3167 iohanni
1480 3093 1638 3174 katalonti
1658 3103 1691 3166 et
1713 3094 1854 3166 iohanne
1867 3093 2047 3190 genitorem
2061 3103 2095 3168 et
2109 3095 2209 3170 fliium

794 3241 853 3312 per
876 3218 1021 3288 chartule
1044 3217 1220 3290 offertionis
1243 3227 1353 3292 nostra
1377 3239 1458 3314 quas
1479 3217 1582 3314 haput
1603 3237 1665 3292 uos
1688 3217 1844 3299 hahemus
1866 3241 1928 3314 pro
1958 3217 2210 3316 reliquumque

788 3343 946 3414 ‘continet
970 3343 1143 3416 coherente
1165 3343 1228 3415 siri
1244 3345 1285 3416 de
1300 3365 1367 3415 uuo
1382 3343 1482 3417 latere
1504 3353 1589 3416 terre
1614 3351 1719 3418 vestra
1739 3343 1820 3428 iuris
1834 3344 2005 3418 memorati
2019 3345 2120 3418 vestr-i
2133 3367 2210 3417 mo-

795 3469 927 3546 nasterii
949 3468 1043 3540 sicuti
1066 3470 1151 3541 iuter
1173 3491 1208 3541 se
1233 3469 1380 3542 terminis
1402 3471 1532 3542 cxiiuat.
1557 3469 1598 3542 de
1621 3467 1686 3577 clip
1710 3469 1809 3541 latero
1833 3479 1917 3544 terre
1937 3469 2093 3542 heredum
2115 3471 2210 3564 sergii

795 3597 861 3670 titio
886 3597 1008 3670 domiui
1032 3598 1168 3670 andreae
1191 3599 1286 3676 sicuti
1306 3619 1412 3684 *unum
1436 3598 1605 3675 termineru
1628 3598 1687 3692 tpri
1711 3606 1878 3692 estsuper
1900 3595 1990 3670 silice
2007 3596 2135 3692 publica
2159 3619 2211 3668 ro·

794 3733 884 3796 ctum
907 3724 1047 3795 finiendo
1071 3726 1275 3809 demonstrat
1299 3747 1403 3818 usque
1427 3735 1460 3794 at
1482 3725 1637 3798 uerticem
1660 3726 1788 3804 montis.
1814 3725 1854 3796 de
1878 3747 1946 3798 uno
1960 3725 2064 3822 capite
2079 3733 2128 3796 αἱ
2141 3743 2211 3796 mo·

794 3857 919 3919 morata
940 3847 1029 3919 silice
1051 3849 1189 3942 publica.
1213 3873 1256 3920 ex
1280 3849 1349 3932 alid
1367 3849 1471 3942 capite
1494 3858 1543 3922 cst
1565 3849 1721 3924 verticem
1752 3848 1891 3924 montis:
1917 3846 2099 3944 dequibus
2131 3845 2211 3916 nihil

793 3971 887 4043 uobis
909 3971 1072 4066 usquein
1094 3976 1273 4044 memor'ata
1297 3971 1430 4052 ecclesie
1452 3982 1561 4053 nostra
1576 3973 1693 4046 exinde
1708 3971 1840 4066 aliquod
1859 3971 2011 4044 remansit
2029 3978 2086 4044 aut
2100 3991 2210 4044 rosor·

795 4093 943 4176 iuvimus
965 4095 1030 4164 uec'
1044 4095 1083 4172 iu
1105 4095 1207 4180 aliern
1230 4117 1367 4190 persona
1391 4097 1582 4182 promisimus
1609 4105 1775 4190 potestate
1798 4105 1832 4168 et
1853 4121 1874 4173 a
1897 4116 1985 4166 nunc
2006 4102 2040 4166 et
2061 4093 2211 4188 deinceps

797 4240 815 4283 e
839 4213 931 4294 nohis
945 4215 1037 4285 uobis
1051 4217 1092 4285 sit
1108 4228 1313 4306 ,icomutatum
1332 4229 1364 4290 et
1378 4217 1534 4290 traditum
1549 4219 1584 4299 iu
1599 4229 1703 4290 vestra
1718 4219 1935 4325 posterisque:
1958 4219 2073 4292 sorau
2087 4237 2211 4292 memo·

773 4352 929 4446 ratopue
951 4345 1062 4419 sancto
1081 4355 1118 4428 ct
1140 4346 1317 4420 venerabili
1342 4355 1450 4430 restro
1473 4345 1670 4418 monasterio
1693 4345 1735 4416 sit
1749 4354 1905 4438 potestate
1919 4343 2079 4442 quidquid
2095 4343 2211 4416 exinde

796 4469 899 4539 tacere
922 4467 1089 4556 uolueritis
1108 4470 1251 4543 liberum
1273 4493 1401 4566 semper
1423 4471 1459 4541 in
1481 4471 1631 4548 omnbus
1654 4471 1790 4554 arbitrio
1813 4471 1933 4544 abnue
1963 4479 2122 4565 potestate
2141 4493 2150 4539 r
2177 4479 2211 4540 ct

794 4617 900 4690 neque
922 4618 942 4664 a
965 4595 1059 4668 uobis
1082 4607 1260 4680 memorato
1282 4595 1391 4690 sergio
1414 4595 1548 4678 umiiem
1571 4595 1930 4691 archipresbiterorum
1945 4619 2022 4673 curu
2044 4596 2212 4676 voluntate

793 4721 833 4792 do
855 4721 933 4816 ipsis
954 4723 1108 4802 domiuiis
1132 4731 1308 4794 memorate
1331 4721 1464 4794 ecclesie
1488 4723 1590 4806 sancti
1613 4724 1697 4818 petri
1719 4725 1833 4819 quanti
1847 4724 1981 4808 iuferius
2000 4721 2214 4818 subscripturi

792 4847 845 4919 uel
867 4849 996 4944 signum
1021 4857 1127 4920 sancte
1150 4849 1256 4922 crucis
1281 4848 1392 4930 facturi
1424 4860 1507 4921 sunt.
1540 4873 1646 4946 neque
1669 4875 1688 4922 a
1711 4853 1848 4946 pesteris
1878 4851 1995 4926 uostris
2018 4851 2070 4926 val
2093 4875 2111 4922 a
2134 4873 2212 4922 me-

796 4987 919 5048 morata
943 4975 1075 5050 ecclesia
1098 4976 1197 5050 sancti
1220 4979 1313 5071 petri.
1337 4977 1428 5050 nulio
1451 4987 1596 5072 tempore
1613 5001 1866 5078 numquam-vos
1882 4988 2060 5053 memorato
2075 4977 2208 5062 domino
