4876 6520
1341 555 1419 654 (⁷4
1445 557 1460 646 >

708 743 886 809 memorato
909 736 1018 802 sancta
1041 735 1075 797 et
1096 719 1292 795 venerabilia
1314 729 1421 792 vestra
1444 715 1639 786 monasteria
1662 713 1751 807 quod
1777 711 1860 782 obsit
1875 711 1996 783 abeatis
2012 715 2130 788 exinde

709 863 881 959 aliquando
905 877 1112 956 utracumque
1134 847 1346 946 requisitione
1370 855 1426 916 aut
1448 841 1597 914 molestia
1621 866 1640 910 a
1663 863 1753 910 nime
1767 849 1801 910 et
1815 839 1850 910 in
1865 846 2031 934 perpetuis
2049 853 2132 912 tcm-

707 992 865 1086 poribus:
893 989 1025 1079 insuper
1047 978 1203 1074 promitto
1225 975 1319 1048 vobis
1342 981 1381 1044 ut
1402 972 1430 1042 si
1454 969 1547 1042 vobis
1570 966 1774 1060 vestrisque:
1801 967 1938 1059 posteris
1961 970 2045 1038 etin
2059 993 2131 1040 me-

708 1124 835 1186 morata
857 1121 966 1183 sancta
989 1115 1022 1177 et
1044 1097 1241 1176 venerabilia
1264 1105 1371 1167 vestra
1386 1090 1583 1164 monasteria
1604 1109 1774 1160 necessum
1789 1091 1889 1163 lueris
1911 1103 2127 1164 memoratum

707 1240 898 1336 dispositum
922 1243 959 1306 ut
989 1249 1087 1322 super
1109 1225 1233 1319 legitur
1256 1228 1334 1292 tuuc
1357 1241 1420 1312 ego
1444 1225 1478 1288 et
1499 1215 1675 1288 heredibus
1697 1216 1780 1293 meis
1803 1215 1898 1290 vobis
1919 1221 2127 1316 vestrisqhe:

707 1366 843 1462 posteris
865 1370 898 1432 et
920 1359 956 1430 in
978 1361 1159 1429 memorata
1181 1356 1291 1434 sancta
1313 1354 1347 1418 et
1369 1342 1566 1419 venerahilis
1581 1354 1687 1416 restra
1710 1344 1906 1418 monasteria
1929 1347 2019 1418 omni
2045 1357 2129 1422 tem

596 1481 605 1495 ‘
707 1515 787 1588 pora
808 1495 967 1560 moshare
990 1479 1165 1556 ubemur
1179 1485 1213 1548 at
1227 1477 1291 1552 fine
1314 1473 1498 1551 faciendum
1521 1471 1720 1568 ubicumque
1743 1471 1837 1548 vohis
1852 1475 2051 1572 restrisquor
2068 1497 2130 1571 po·

706 1616 800 1696 iteris
820 1631 988 1686 recusum
1003 1606 1104 1682 tuuis
1120 1613 1155 1676 et
1167 1609 1278 1699 posteo
1301 1601 1384 1674 mibi
1406 1600 1570 1697 meisque:
1587 1597 1760 1674 heredibus
1775 1599 1847 1674 illos
1869 1601 1996 1678 retdere
2012 1603 2129 1678 debes-

708 1743 770 1822 tis:
796 1740 927 1833 insuper
951 1734 1109 1832 promitto
1131 1731 1226 1804 vobis
1248 1737 1286 1804 ut
1308 1726 1399 1802 omni
1423 1735 1569 1821 tempore
1593 1749 1656 1821 ego
1679 1738 1713 1800 et
1735 1728 1909 1808 heredibus
1931 1733 2014 1806 meis
2034 1733 2127 1806 vohis

705 1867 912 1960 veihisque:
937 1861 1077 1956 posteris
1093 1869 1126 1930 et
1141 1864 1320 1930 memorato
1342 1865 1452 1928 sancta
1467 1861 1500 1924 et
1514 1855 1712 1930 venerabilia
1726 1868 1834 1930 vestra
1856 1861 2049 1932 monasteria
2070 1863 2129 1932 de-

706 2015 805 2086 super
826 1989 940 2064 tollere
966 1985 1138 2060 debeamus
1161 1981 1301 2078 quedam
1323 1981 1437 2056 divitia
1459 2005 1572 2054 socera
1585 2005 1660 2058 mea
1674 2005 1790 2082 osque:
1809 1985 1900 2058 omni
1915 1995 2023 2058 vestra
2038 1999 2073 2059 et
2088 1992 2128 2063 de

708 2119 824 2194 vestris
846 2114 983 2212 posteris
1005 2111 1149 2209 quahbet
1171 2111 1375 2184 daunietate:
1409 2113 1488 2207 quia
1514 2111 1561 2184 ita
1583 2111 1667 2185 mihi
1689 2112 1834 2208 placuit:
1869 2112 1903 2185 Si
1927 2125 2038 2190 autem
2061 2141 2126 2210 ego

707 2253 764 2318 aut
786 2241 958 2316 heredibus
981 2237 1062 2312 meis
1086 2239 1179 2310 aliter
1201 2235 1374 2310 fecerimus
1396 2237 1437 2310 de
1461 2237 1489 2310 is
1512 2237 1664 2310 omnihus
1687 2237 1874 2312 memoratis
1897 2249 1935 2312 ut
1957 2263 2056 2335 super
2078 2241 2127 2312 le-

705 2369 794 2461 gitur
816 2391 874 2460 per
897 2365 1015 2460 quobis
1037 2366 1174 2436 modum
1197 2373 1254 2434 aut
1276 2361 1455 2438 summissis
1484 2365 1630 2456 personis
1663 2375 1741 2437 tuuc
1773 2365 2000 2460 componimus
2030 2365 2125 2438 robis

704 2490 902 2584 resanuo:
927 2489 1065 2583 posteris
1087 2489 1160 2562 auri
1184 2488 1304 2562 solidos
1327 2488 1529 2583 septuaginta
1547 2488 1754 2584 bythiauteos
1767 2489 1876 2561 etheo
1898 2487 2125 2562 chartulaol-

704 2618 851 2694 tortionis
874 2627 912 2690 ut
934 2639 1032 2711 super
1055 2616 1176 2712 legitur
1199 2617 1241 2688 sit
1264 2616 1359 2690 firma
1381 2615 1501 2711 scriptu
1515 2639 1574 2712 per
1589 2625 1723 2690 manum
1745 2616 1897 2690 iohannis
1918 2618 2050 2690 carrialis
2066 2643 2126 2714 per

704 2751 883 2815 memorata
906 2739 1128 2838 indictione†
1151 2740 1216 2814 hoo
1239 2741 1371 2836 signum
1386 2739 1417 2836 †
1432 2763 1548 2817 manus
1572 2753 1752 2816 memorato
1775 2751 1868 2837 petro
1892 2743 2018 2815 helario
2034 2746 2123 2839 quod

704 2891 769 2962 ego
793 2889 855 2962 pm
877 2893 920 2942 eu
943 2866 1118 2963 subscripsi
1140 2867 1173 2964 †

798 2994 914 3089 †ego
936 2995 1093 3070 iohannes
1116 2996 1201 3070 filius
1225 2995 1350 3069 domini
1372 2997 1501 3072 steisnii
1524 3007 1657 3092 rogatus
1674 3021 1692 3066 a
1708 2997 1927 3091 suprascripto
1939 3007 2032 3093 petro
2048 2999 2122 3072 testi
2171 3001 2175 3010 “

701 3122 876 3217 subscripsi
898 3122 931 3217 †

799 3247 917 3342 †ego
941 3248 1081 3322 slelaruu
1102 3247 1188 3322 lilius
1211 3248 1338 3322 domini
1370 3249 1457 3343 sergi
1487 3257 1620 3344 rogatus
1649 3273 1668 3320 a
1689 3253 1907 3347 suprascripto
1929 3267 2022 3348 petro
2046 3257 2119 3327 testi

701 3371 932 3468 obser*

798 3503 915 3598 diega
940 3512 1050 3600 petrus
1074 3505 1160 3580 lilius
1183 3507 1307 3580 domini
1330 3504 1482 3582 iohannis
1504 3515 1637 3604 rogatum
1659 3533 1678 3580 a
1700 3513 1918 3607 suprascripto
1932 3521 2025 3608 petro
2046 3514 2118 3586 testi

702 3628 877 3724 aucupii
900 3627 931 3724 †
1776 3691 1780 3700 .

659 3797 668 3814 ·
796 3751 827 3848 †
852 3753 924 3848 Ego
940 3755 1097 3830 iohannes
1119 3755 1255 3829 Curiulis
1268 3756 1437 3854 Compleri
1451 3769 1484 3833 et
1500 3759 1624 3833 absolvi
1639 3785 1698 3857 per
1712 3772 1888 3836 memorata
1904 3763 2121 3860 indictione†
