4876 6520
1409 574 1420 670 i
1445 582 1492 644 w
1513 572 1531 668 i·

1408 858 1533 930 exeri..

620 1143 674 1190 en.
837 1115 869 1211 †
893 1114 933 1183 in
953 1113 1084 1184 nomine
1107 1112 1232 1184 domini
1256 1111 1397 1186 secundo
1420 1133 1506 1182 anno
1528 1113 1726 1206 principatus
1749 1115 2048 1188 dominimnnsoni.
2064 1129 2097 1191 et
2111 1123 2176 1193 do-

599 1219 685 1316 985.
742 1243 824 1314 mini
847 1239 958 1311 inheni
973 1239 1042 1310 eius
1058 1238 1152 1309 fliius.
1175 1258 1285 1308 mense
1310 1237 1428 1309 iunius.
1451 1238 1576 1309 decima
1599 1239 1784 1312 indictione.
1808 1242 1982 1339 ideoquene
2006 1269 2069 1341 ego
2092 1251 2172 1321 silii-

743 1381 812 1444 otus
835 1367 920 1440 iilius
944 1369 1147 1462 ermengardi
1171 1367 1211 1438 de
1234 1363 1368 1437 miliano
1391 1367 1558 1438 territorio
1581 1367 1751 1440 tauritano.
1776 1371 1855 1441 dum
1879 1373 2055 1445 o-domino
2079 1377 2171 1450 ihesu

744 1496 873 1568 Christo
895 1493 1054 1588 comprnsi
1077 1513 1189 1564 senous
1220 1513 1321 1585 quem
1344 1501 1380 1562 et
1400 1513 1498 1586 prone
1521 1494 1669 1564 mercede
1693 1503 1726 1564 et
1748 1477 1932 1566 snibntione'
1947 1499 2055 1570 nnirne
2077 1523 2164 1573 mee.

745 1632 778 1692 et
800 1645 861 1717 pro
884 1619 1033 1692 nemun
1055 1627 1092 1688 et
1114 1617 1288 1700 solhotiom
1312 1618 1420 1689 anime
1442 1619 1545 1689 morie
1569 1619 1685 1692 dilecto
1708 1620 1807 1691 uxori
1831 1641 1912 1692 urea.
1935 1623 2097 1696 offernin
2121 1651 2174 1699 eo·

746 1746 842 1816 clesiu
864 1744 958 1812 beate
981 1742 1034 1811 dei
1058 1741 1223 1834 genitricis
1246 1751 1278 1812 et
1301 1742 1439 1837 birginis
1461 1745 1563 1815 merie
1587 1744 1645 1838 qui
1668 1745 1799 1816 firndnte
1822 1767 1891 1818 esse
1909 1747 2036 1820 videtur
2051 1752 2092 1822 ud
2107 1752 2179 1846 ipsa.

749 1883 839 1944 turre
864 1893 961 1964 supra
985 1871 1098 1938 eroice.
1124 1869 1159 1938 in
1182 1876 1293 1937 monte
1317 1889 1469 1938 vesuveo.
1494 1869 1551 1939 ubi
1575 1869 1709 1940 domino
1731 1871 1888 1943 iohannes
1902 1872 2095 1948 benemhilis
2119 1879 2176 1948 eir-

748 1999 815 2069 bes.
839 2002 985 2092 regimen
1008 2005 1118 2066 tenere
1141 1997 1277 2066 videtur.
1310 2019 1374 2067 nnn
1406 1997 1496 2089 pecie
1519 2000 1559 2067 de
1584 2005 1668 2066 terra
1700 1997 1881 2070 ubuum
1914 2001 2011 2072 rebus
2034 2025 2116 2073 mea.
2141 2005 2175 2074 in

750 2127 823 2196 loon
846 2127 980 2196 miliano
1003 2125 1060 2196 ubi
1084 2125 1253 2219 proprium
1276 2147 1396 2196 nornen
1420 2135 1566 2196 costenee
1589 2135 1732 2197 vocetur.
1763 2137 1796 2198 et
1818 2127 1887 2221 ipsu
1911 2137 1996 2200 terre
2020 2128 2082 2200 hec
2105 2131 2176 2202 finis

751 2249 856 2322 habet
882 2252 923 2322 de
947 2275 1013 2322 uno
1036 2251 1110 2322 istu
1127 2251 1191 2321 fine
1207 2249 1247 2319 do
1262 2249 1320 2322 filii
1336 2251 1464 2343 passeri.
1490 2250 1524 2319 io
1539 2251 1674 2342 longum
1689 2250 1786 2321 habet
1800 2252 1887 2345 possi
1900 2253 2178 2350 trigintaquinque

752 2391 784 2453 et
807 2380 916 2451 cubita
939 2380 1011 2448 trio.
1036 2401 1079 2446 ex
1103 2377 1167 2446 elio
1191 2399 1271 2447 vero
1295 2377 1393 2448 latere
1417 2377 1481 2447 tine
1504 2377 1599 2448 ciciri
1619 2401 1775 2470 germano
1792 2401 1867 2448 meo
1882 2379 1917 2449 in
1933 2380 2067 2473 longum
2081 2381 2181 2453 habet

751 2511 835 2604 pessi
858 2505 1146 2602 quadragintaduo.
1171 2513 1203 2574 et
1228 2503 1373 2575 cubitum
1396 2527 1509 2575 mrum.
1536 2505 1575 2574 de
1599 2515 1693 2600 supto
1717 2505 1819 2599 cupite
1839 2507 1901 2577 fine
1925 2507 1979 2577 bin
2002 2509 2128 2600 publice
2144 2511 2183 2580 in·

752 2634 889 2706 latitudo
921 2641 997 2704 sunt
1028 2631 1113 2726 possi
1141 2632 1254 2702 decem
1284 2639 1317 2700 et
1340 2638 1472 2722 septem.
1505 2633 1641 2722 desuper
1665 2631 1768 2726 sepite
1800 2631 1863 2701 fine
1886 2631 2035 2703 similiter
2062 2635 2101 2704 dc
2126 2635 2188 2705 filii

754 2759 877 2853 passeri,
897 2758 934 2827 in
957 2755 1099 2828 latitudo·
1115 2763 1190 2826 sunt
1213 2753 1298 2847 pessi
1321 2753 1455 2846 triginta
1479 2764 1512 2823 et
1534 2777 1646 2824 unnrn
1672 2754 1733 2824 hcc
1754 2777 1832 2824 vern
1856 2765 1942 2826 terra
1957 2757 2096 2851 qualiter
2111 2759 2190 2830 finis:

754 2888 858 2982 posite
881 2897 965 2958 sunt.
990 2895 1024 2958 ct
1046 2885 1132 2979 possi
1156 2883 1342 2956 mensurati.
1376 2884 1444 2975 ipsa
1473 2881 1582 2953 inclita
1607 2883 1771 2978 quomodo
1795 2883 1868 2955 finis
1891 2885 1994 2978 posite
2017 2897 2092 2958 sunt
2115 2899 2183 2958 totn

756 3025 789 3086 et
812 3016 923 3086 inclita
945 3015 1135 3086 offeruimus
1167 3013 1204 3082 in
1234 3011 1415 3104 superdicto
1447 3009 1580 3080 ecclesia
1604 3019 1641 3080 et
1660 3011 1704 3080 sd·
1723 3011 1793 3082 eius
1816 3019 1966 3084 rectores
1995 3014 2036 3084 od
2058 3035 2185 3108 semper

757 3141 952 3212 habendum.
985 3147 1021 3208 et
1047 3137 1286 3231 possidendum.
1319 3147 1356 3206 et·
1383 3137 1614 3208 dominandum
1638 3149 1671 3208 et
1693 3137 1822 3210 fruendi
1846 3139 1956 3210 omnia
1983 3163 2184 3237 quecumque

758 3265 827 3358 ipse
851 3270 992 3334 rectores
1016 3260 1091 3332 uirus
1114 3259 1247 3331 ecclesie
1270 3261 1374 3330 iecere
1397 3259 1547 3330 voluerit
1571 3281 1669 3354 quam
1693 3259 1827 3332 inferius
1851 3271 1886 3331 et
1902 3261 2048 3356 superius
2064 3273 2096 3333 et
2111 3287 2186 3335 enm

760 3391 833 3462 itice
856 3392 896 3461 de
918 3389 981 3461 biis
1004 3389 1080 3460 suis.
1105 3398 1141 3458 et
1161 3387 1277 3459 auditis
1300 3386 1367 3458 suis
1391 3398 1428 3457 et
1447 3387 1684 3459 introiendum..
1700 3397 1734 3458 et
1756 3389 1931 3460 exiendum
1957 3399 1995 3460 nt
2009 3391 2078 3484 ipso
2092 3413 2187 3486 snper

761 3520 845 3590 dicte
868 3519 959 3612 pecta
982 3518 1022 3588 de
1046 3515 1178 3588 erhusto
1202 3515 1367 3608 quomodo
1390 3537 1449 3608 per·
1473 3513 1545 3584 finis
1569 3513 1706 3584 indicato
1723 3523 1759 3584 et?
1770 3525 1952 3586 mensurata
1967 3526 2015 3586 est
2029 3539 2105 3588 curn
2119 3526 2194 3586 toto·

762 3645 887 3718 edificio
911 3669 971 3718 suo
985 3656 1023 3716 tu
1038 3645 1097 3739 qui
1120 3665 1218 3736 supra
1242 3643 1374 3713 domino
1398 3641 1552 3712 iohannes
1576 3641 1774 3714 benerobiiis·
1790 3644 1895 3714 abbes-
1909 3653 2049 3714 rectores
2073 3656 2107 3716 et
2129 3668 2189 3738 gu-

763 3774 946 3842 bernatores
979 3767 1160 3864 superdicto
1193 3766 1324 3836 ecclesie
1355 3777 1387 3836 et
1411 3765 1546 3858 posteris
1570 3769 1683 3838 vestris
1708 3767 1827 3837 abeatis
1857 3779 1889 3838 et
1913 3769 2098 3862 possideatis
2122 3771 2189 3864 ipso

762 3901 853 3994 pecie
877 3901 917 3968 de
941 3907 1027 3967 terro
1050 3895 1225 3990 quomodo
1240 3917 1298 3988 per
1321 3893 1394 3964 finis
1418 3905 1600 3965 mensurato
1625 3906 1672 3965 est
1696 3918 1771 3966 cum
1791 3905 1860 3966 toto
1875 3896 2001 3966 edificio
2025 3919 2084 3968 sun
2108 3919 2190 3992 quo-

765 4022 864 4092 modo
887 4019 1108 4114 supradictum
1135 4027 1191 4088 est
1216 4027 1252 4087 et
1273 4017 1390 4087 exinde
1413 4016 1524 4108 obligo
1556 4039 1610 4086 me
1641 4039 1702 4109 ego
1726 4017 1790 4110 qni
1807 4039 1904 4110 supro
1927 4017 2066 4088 sillictu:
2093 4043 2191 4115 quem

767 4157 801 4216 et
824 4145 905 4215 meis
929 4141 1108 4214 heredibus·
1123 4142 1184 4212 tibi
1207 4143 1272 4234 qui·
1289 4163 1386 4232 supra
1409 4139 1567 4208 nominati
1582 4139 1713 4210 domini.
1722 4141 1854 4210 iohanni
1870 4141 2061 4212 benerabiiis
2076 4143 2190 4214 abbati.

769 4281 806 4340 et
825 4273 870 4342 od*
888 4269 1031 4363 posteris
1047 4267 1163 4338 vestris
1186 4267 1226 4338 de
1249 4267 1320 4359 ipso
1343 4273 1454 4336 saneto
1476 4268 1680 4334 monasterio.
1697 4265 1758 4336 hcc
1773 4267 1915 4360 predicto
1932 4279 2017 4338 terro
2032 4292 2108 4341 curn
2123 4281 2191 4340 toto

769 4397 902 4469 editicio-
918 4418 978 4469 sno
1001 4395 1042 4464 de
1065 4395 1135 4490 ipsu
1158 4404 1254 4462 terre.
1279 4391 1319 4460 nh
1342 4390 1493 4462 omnibus
1512 4391 1697 4462 horninibus
1713 4393 1882 4464 defendere
1897 4405 1930 4464 et
1945 4405 2102 4466 nusum
2116 4419 2193 4491 prn-

769 4521 936 4590 mittimus
970 4529 1003 4587 et
1034 4517 1215 4608 obligamus
1247 4523 1303 4584 unt
1326 4514 1355 4585 si
1378 4537 1439 4584 nos
1460 4514 1540 4608 ipsis
1560 4515 1700 4586 forsitan·
1718 4540 1776 4609 per
1799 4513 1915 4611 qunlti's
1939 4519 2044 4590 modis
2068 4529 2123 4590 eut
2142 4519 2202 4589 in·-

771 4648 903 4740 genium
927 4655 1093 4715 retornere
1116 4641 1327 4736 quesierimus
1351 4641 1501 4712 sibenen
1525 4652 1580 4711 aut
1603 4643 1719 4713 nostris
1744 4643 1913 4716 heredibus
1936 4645 2083 4738 quitalin
2100 4667 2195 4738 agere

772 4768 936 4842 soluerint
959 4767 1057 4836 abent.
1074 4763 1272 4835 hanntheme
1289 4789 1307 4834 n
1332 4775 1492 4836 tercentos
1514 4766 1625 4837 decem
1640 4778 1676 4836 et
1687 4779 1761 4836 ootn
1775 4779 1881 4861 patoes
1895 4779 1934 4838 et¹
1943 4777 2065 4861 portem
2081 4767 2202 4838 habent

775 4917 850 4966 eum
874 4893 949 4964 iudo
974 4891 1125 4964 traditore
1149 4890 1272 4964 domini
1295 4892 1398 4964 nostri
1420 4892 1515 4965 ihesu
1538 4893 1665 4967 Christi.
1695 4903 1728 4963 et
1751 4893 1806 4965 sic·
1828 4917 1904 4965 eum
1932 4892 2087 4986 deglutiet
2110 4903 2195 4964 terra
