<?xml version="1.0" encoding="UTF-8"?>
<!DOCTYPE html PUBLIC "-//W3C//DTD XHTML 1.0 Transitional//EN"
    "http://www.w3.org/TR/xhtml1/DTD/xhtml1-transitional.dtd">
<html xmlns="http://www.w3.org/1999/xhtml" xml:lang="en" lang="en">
 <head>
  <title>
</title>
<meta http-equiv="Content-Type" content="text/html;charset=utf-8" />
  <meta name='ocr-system' content='tesseract 3.04.00' />
  <meta name='ocr-capabilities' content='ocr_page ocr_carea ocr_par ocr_line ocrx_word'/>
</head>
<body>
  <div class='ocr_page' id='page_1' title='image "./monumentaeditaa00napogoog_0160.png"; bbox 0 0 4906 6520; ppageno 0'>
   <div class='ocr_carea' id='block_1_1' title="bbox 1388 631 1533 732">
    <p class='ocr_par' dir='ltr' id='par_1_1' title="bbox 1388 631 1533 732">
     <span class='ocr_line' id='line_1_1' title="bbox 1388 631 1533 732; baseline -0.028 -23"><span class='ocrx_word' id='word_1_1' title='bbox 1388 631 1533 732; x_wconf 79' lang='lat' dir='ltr'>(rer)</span> 
     </span>
    </p>
   </div>
   <div class='ocr_carea' id='block_1_2' title="bbox 759 777 2184 1143">
    <p class='ocr_par' dir='ltr' id='par_1_2' title="bbox 759 777 2184 1143">
     <span class='ocr_line' id='line_1_2' title="bbox 759 777 2184 884; baseline -0.022 0"><span class='ocrx_word' id='word_1_2' title='bbox 759 818 814 884; x_wconf 83' lang='lat' dir='ltr'>ent</span> <span class='ocrx_word' id='word_1_3' title='bbox 837 809 921 882; x_wconf 82' lang='lat' dir='ltr'>sicut</span> <span class='ocrx_word' id='word_1_4' title='bbox 943 805 1027 878; x_wconf 82' lang='lat' dir='ltr'>inter</span> <span class='ocrx_word' id='word_1_5' title='bbox 1049 799 1144 874; x_wconf 88' lang='lat' dir='ltr'>nubis</span> <span class='ocrx_word' id='word_1_6' title='bbox 1166 795 1354 871; x_wconf 82' lang='lat' dir='ltr'>comburit:</span> <span class='ocrx_word' id='word_1_7' title='bbox 1388 791 1423 862; x_wconf 86' lang='lat' dir='ltr'>si</span> <span class='ocrx_word' id='word_1_8' title='bbox 1454 799 1564 862; x_wconf 80' lang='lat' dir='ltr'>entem</span> <span class='ocrx_word' id='word_1_9' title='bbox 1593 783 1685 856; x_wconf 72' lang='lat' dir='ltr'>diter</span> <span class='ocrx_word' id='word_1_10' title='bbox 1714 779 1887 856; x_wconf 76' lang='lat' dir='ltr'><strong>fecerimus</strong></span> <span class='ocrx_word' id='word_1_11' title='bbox 1914 779 1954 852; x_wconf 87' lang='lat' dir='ltr'>de</span> <span class='ocrx_word' id='word_1_12' title='bbox 1979 777 2008 850; x_wconf 87' lang='lat' dir='ltr'>is</span> <span class='ocrx_word' id='word_1_13' title='bbox 2031 777 2184 853; x_wconf 87' lang='lat' dir='ltr'>omnibus</span> 
     </span>
     <span class='ocr_line' id='line_1_3' title="bbox 761 915 2182 1044; baseline -0.024 -32"><span class='ocrx_word' id='word_1_14' title='bbox 761 935 946 1011; x_wconf 82' lang='lat' dir='ltr'>memoretis</span> <span class='ocrx_word' id='word_1_15' title='bbox 960 955 1028 1044; x_wconf 82' lang='lat' dir='ltr'>¹per</span> <span class='ocrx_word' id='word_1_16' title='bbox 1051 927 1169 1026; x_wconf 90' lang='lat' dir='ltr'>quobis</span> <span class='ocrx_word' id='word_1_17' title='bbox 1192 925 1327 998; x_wconf 87' lang='lat' dir='ltr'><strong>modum</strong></span> <span class='ocrx_word' id='word_1_18' title='bbox 1351 929 1407 992; x_wconf 77' lang='lat' dir='ltr'>nni</span> <span class='ocrx_word' id='word_1_19' title='bbox 1430 918 1634 988; x_wconf 80' lang='lat' dir='ltr'><strong>summissam</strong></span> <span class='ocrx_word' id='word_1_20' title='bbox 1656 931 1828 1006; x_wconf 81' lang='lat' dir='ltr'>personum</span> <span class='ocrx_word' id='word_1_21' title='bbox 1843 915 1921 978; x_wconf 81' lang='lat' dir='ltr'>tnnc</span> <span class='ocrx_word' id='word_1_22' title='bbox 1937 929 2102 1000; x_wconf 89' lang='lat' dir='ltr'>uumpunu</span> <span class='ocrx_word' id='word_1_23' title='bbox 2120 931 2182 1002; x_wconf 83' lang='lat' dir='ltr'>ego</span> 
     </span>
     <span class='ocr_line' id='line_1_4' title="bbox 761 1031 2179 1143; baseline -0.022 -7"><span class='ocrx_word' id='word_1_24' title='bbox 761 1073 794 1136; x_wconf 87' lang='lat' dir='ltr'>et</span> <span class='ocrx_word' id='word_1_25' title='bbox 816 1058 988 1133; x_wconf 84' lang='lat' dir='ltr'>heredibus</span> <span class='ocrx_word' id='word_1_26' title='bbox 1011 1051 1093 1124; x_wconf 84' lang='lat' dir='ltr'>meis</span> <span class='ocrx_word' id='word_1_27' title='bbox 1116 1049 1176 1122; x_wconf 81' lang='lat' dir='ltr'>ribi</span> <span class='ocrx_word' id='word_1_28' title='bbox 1200 1048 1329 1143; x_wconf 86' lang='lat' dir='ltr'>tuisque</span> <span class='ocrx_word' id='word_1_29' title='bbox 1351 1041 1523 1116; x_wconf 86' lang='lat' dir='ltr'>heredibus</span> <span class='ocrx_word' id='word_1_30' title='bbox 1547 1039 1619 1110; x_wconf 86' lang='lat' dir='ltr'>nuri</span> <span class='ocrx_word' id='word_1_31' title='bbox 1643 1033 1764 1108; x_wconf 85' lang='lat' dir='ltr'>subdus</span> <span class='ocrx_word' id='word_1_32' title='bbox 1788 1033 1923 1127; x_wconf 76' lang='lat' dir='ltr'>triginta</span> <span class='ocrx_word' id='word_1_33' title='bbox 1947 1031 2179 1129; x_wconf 79' lang='lat' dir='ltr'>bytbientsusr</span> 
     </span>
    </p>
   </div>
   <div class='ocr_carea' id='block_1_3' title="bbox 762 1159 2182 1408">
    <p class='ocr_par' dir='ltr' id='par_1_3' title="bbox 762 1159 2182 1408">
     <span class='ocr_line' id='line_1_5' title="bbox 762 1159 2182 1264; baseline -0.025 -4"><span class='ocrx_word' id='word_1_34' title='bbox 762 1197 803 1264; x_wconf 84' lang='lat' dir='ltr'>et·</span> <span class='ocrx_word' id='word_1_35' title='bbox 819 1213 856 1263; x_wconf 81' lang='lat' dir='ltr'>eu</span> <span class='ocrx_word' id='word_1_36' title='bbox 888 1181 1032 1256; x_wconf 77' lang='lat' dir='ltr'>chartule</span> <span class='ocrx_word' id='word_1_37' title='bbox 1064 1174 1257 1250; x_wconf 77' lang='lat' dir='ltr'>venditionis</span> <span class='ocrx_word' id='word_1_38' title='bbox 1290 1171 1335 1242; x_wconf 84' lang='lat' dir='ltr'>nd</span> <span class='ocrx_word' id='word_1_39' title='bbox 1366 1189 1463 1262; x_wconf 86' lang='lat' dir='ltr'>snper</span> <span class='ocrx_word' id='word_1_40' title='bbox 1495 1165 1613 1257; x_wconf 76' lang='lat' dir='ltr'>legitur</span> <span class='ocrx_word' id='word_1_41' title='bbox 1636 1163 1678 1232; x_wconf 81' lang='lat' dir='ltr'>sit</span> <span class='ocrx_word' id='word_1_42' title='bbox 1700 1161 1794 1232; x_wconf 81' lang='lat' dir='ltr'>firme</span> <span class='ocrx_word' id='word_1_43' title='bbox 1818 1159 1937 1252; x_wconf 78' lang='lat' dir='ltr'>scripte</span> <span class='ocrx_word' id='word_1_44' title='bbox 1966 1181 2025 1253; x_wconf 85' lang='lat' dir='ltr'>per</span> <span class='ocrx_word' id='word_1_45' title='bbox 2049 1180 2182 1232; x_wconf 78' lang='lat' dir='ltr'>manum</span> 
     </span>
     <span class='ocr_line' id='line_1_6' title="bbox 763 1281 2028 1408; baseline -0.026 -24"><span class='ocrx_word' id='word_1_46' title='bbox 763 1309 904 1408; x_wconf 82' lang='lat' dir='ltr'>gregorii</span> <span class='ocrx_word' id='word_1_47' title='bbox 929 1303 1058 1376; x_wconf 77' lang='lat' dir='ltr'>curialis</span> <span class='ocrx_word' id='word_1_48' title='bbox 1083 1299 1223 1371; x_wconf 77' lang='lat' dir='ltr'>scrivere</span> <span class='ocrx_word' id='word_1_49' title='bbox 1248 1302 1380 1387; x_wconf 83' lang='lat' dir='ltr'>rogetus</span> <span class='ocrx_word' id='word_1_50' title='bbox 1402 1313 1460 1386; x_wconf 83' lang='lat' dir='ltr'>per</span> <span class='ocrx_word' id='word_1_51' title='bbox 1483 1299 1661 1362; x_wconf 80' lang='lat' dir='ltr'>memorate</span> <span class='ocrx_word' id='word_1_52' title='bbox 1684 1307 1769 1358; x_wconf 80' lang='lat' dir='ltr'>nune</span> <span class='ocrx_word' id='word_1_53' title='bbox 1796 1282 1973 1356; x_wconf 73' lang='lat' dir='ltr'>indiuiiune</span> <span class='ocrx_word' id='word_1_54' title='bbox 1997 1281 2028 1376; x_wconf 90' lang='lat'>†</span> 
     </span>
    </p>
   </div>
   <div class='ocr_carea' id='block_1_4' title="bbox 762 1413 2184 2664">
    <p class='ocr_par' dir='ltr' id='par_1_4' title="bbox 762 1413 2182 1780">
     <span class='ocr_line' id='line_1_7' title="bbox 857 1413 2182 1528; baseline -0.02 -21"><span class='ocrx_word' id='word_1_55' title='bbox 857 1439 919 1506; x_wconf 85' lang='lat' dir='ltr'>buu</span> <span class='ocrx_word' id='word_1_56' title='bbox 943 1434 1071 1528; x_wconf 80' lang='lat' dir='ltr'>signum</span> <span class='ocrx_word' id='word_1_57' title='bbox 1096 1427 1127 1526; x_wconf 92' lang='lat'>†</span> <span class='ocrx_word' id='word_1_58' title='bbox 1152 1445 1266 1496; x_wconf 78' lang='lat' dir='ltr'>manus</span> <span class='ocrx_word' id='word_1_59' title='bbox 1291 1419 1465 1496; x_wconf 83' lang='lat' dir='ltr'>memurnti</span> <span class='ocrx_word' id='word_1_60' title='bbox 1487 1417 1623 1512; x_wconf 79' lang='lat' dir='ltr'>eliger-ni</span> <span class='ocrx_word' id='word_1_61' title='bbox 1645 1417 1833 1511; x_wconf 69' lang='lat' dir='ltr'>negutiante</span> <span class='ocrx_word' id='word_1_62' title='bbox 1857 1415 1947 1509; x_wconf 79' lang='lat' dir='ltr'>quud</span> <span class='ocrx_word' id='word_1_63' title='bbox 1961 1437 2024 1507; x_wconf 80' lang='lat' dir='ltr'>ego</span> <span class='ocrx_word' id='word_1_64' title='bbox 2039 1413 2100 1509; x_wconf 88' lang='lat' dir='ltr'>qui</span> <span class='ocrx_word' id='word_1_65' title='bbox 2113 1437 2182 1486; x_wconf 81' lang='lat' dir='ltr'>me-</span> 
     </span>
     <span class='ocr_line' id='line_1_8' title="bbox 762 1539 2180 1647; baseline -0.018 -9"><span class='ocrx_word' id='word_1_66' title='bbox 762 1571 905 1638; x_wconf 79' lang='lat' dir='ltr'>moratus</span> <span class='ocrx_word' id='word_1_67' title='bbox 930 1559 971 1630; x_wconf 78' lang='lat' dir='ltr'>ab</span> <span class='ocrx_word' id='word_1_68' title='bbox 995 1573 1072 1630; x_wconf 82' lang='lat' dir='ltr'>eum</span> <span class='ocrx_word' id='word_1_69' title='bbox 1095 1559 1227 1647; x_wconf 73' lang='lat' dir='ltr'>rogetus</span> <span class='ocrx_word' id='word_1_70' title='bbox 1250 1571 1310 1642; x_wconf 91' lang='lat' dir='ltr'>pro</span> <span class='ocrx_word' id='word_1_71' title='bbox 1334 1567 1410 1618; x_wconf 85' lang='lat' dir='ltr'>enm</span> <span class='ocrx_word' id='word_1_72' title='bbox 1432 1541 1606 1636; x_wconf 75' lang='lat' dir='ltr'>subscripsi</span> <span class='ocrx_word' id='word_1_73' title='bbox 1627 1554 1662 1615; x_wconf 85' lang='lat' dir='ltr'>et</span> <span class='ocrx_word' id='word_1_74' title='bbox 1684 1550 1880 1611; x_wconf 82' lang='lat' dir='ltr'>memoratos</span> <span class='ocrx_word' id='word_1_75' title='bbox 1911 1541 2031 1612; x_wconf 86' lang='lat' dir='ltr'>solidos</span> <span class='ocrx_word' id='word_1_76' title='bbox 2047 1539 2180 1612; x_wconf 81' lang='lat' dir='ltr'>traditus</span> 
     </span>
     <span class='ocr_line' id='line_1_9' title="bbox 765 1687 887 1780; baseline -0.016 -22"><span class='ocrx_word' id='word_1_77' title='bbox 765 1687 832 1758; x_wconf 81' lang='lat' dir='ltr'>bidi</span> <span class='ocrx_word' id='word_1_78' title='bbox 856 1687 887 1780; x_wconf 95' lang='lat'><strong>†</strong></span> 
     </span>
    </p>

    <p class='ocr_par' dir='ltr' id='par_1_5' title="bbox 769 1791 2183 2029">
     <span class='ocr_line' id='line_1_10' title="bbox 869 1791 2183 1906; baseline -0.016 -23"><span class='ocrx_word' id='word_1_79' title='bbox 869 1812 985 1906; x_wconf 80' lang='lat' dir='ltr'>†egu</span> <span class='ocrx_word' id='word_1_80' title='bbox 1017 1807 1173 1880; x_wconf 73' lang='lat' dir='ltr'>iohannes</span> <span class='ocrx_word' id='word_1_81' title='bbox 1210 1801 1295 1874; x_wconf 83' lang='lat' dir='ltr'>filius</span> <span class='ocrx_word' id='word_1_82' title='bbox 1327 1797 1451 1874; x_wconf 81' lang='lat' dir='ltr'>domini</span> <span class='ocrx_word' id='word_1_83' title='bbox 1482 1797 1564 1892; x_wconf 84' lang='lat' dir='ltr'>petri</span> <span class='ocrx_word' id='word_1_84' title='bbox 1595 1803 1727 1891; x_wconf 72' lang='lat' dir='ltr'>rogatus</span> <span class='ocrx_word' id='word_1_85' title='bbox 1756 1791 2016 1887; x_wconf 83' lang='lat' dir='ltr'>esuprnseripiu</span> <span class='ocrx_word' id='word_1_86' title='bbox 2039 1792 2183 1885; x_wconf 76' lang='lat' dir='ltr'>aligerno</span> 
     </span>
     <span class='ocr_line' id='line_1_11' title="bbox 769 1917 1797 2029; baseline -0.024 -14"><span class='ocrx_word' id='word_1_87' title='bbox 769 1943 842 2018; x_wconf 71' lang='lat' dir='ltr'>resti</span> <span class='ocrx_word' id='word_1_88' title='bbox 865 1935 1038 2029; x_wconf 75' lang='lat' dir='ltr'>subscripsi</span> <span class='ocrx_word' id='word_1_89' title='bbox 1064 1942 1097 2004; x_wconf 79' lang='lat' dir='ltr'>et</span> <span class='ocrx_word' id='word_1_90' title='bbox 1119 1926 1353 2024; x_wconf 76' lang='lat' dir='ltr'>suprascriptos</span> <span class='ocrx_word' id='word_1_91' title='bbox 1375 1923 1495 1996; x_wconf 87' lang='lat' dir='ltr'>solidus</span> <span class='ocrx_word' id='word_1_92' title='bbox 1520 1921 1652 1994; x_wconf 80' lang='lat' dir='ltr'>traditus</span> <span class='ocrx_word' id='word_1_93' title='bbox 1674 1919 1743 1992; x_wconf 84' lang='lat' dir='ltr'>bidi</span> <span class='ocrx_word' id='word_1_94' title='bbox 1765 1917 1797 2012; x_wconf 92' lang='lat'><em>†</em></span> 
     </span>
    </p>

    <p class='ocr_par' dir='ltr' id='par_1_6' title="bbox 767 2047 2184 2275">
     <span class='ocr_line' id='line_1_12' title="bbox 860 2047 2184 2164; baseline -0.011 -29"><span class='ocrx_word' id='word_1_95' title='bbox 860 2069 891 2164; x_wconf 90' lang='lat'>†</span> <span class='ocrx_word' id='word_1_96' title='bbox 919 2068 991 2158; x_wconf 79' lang='lat' dir='ltr'>Ego</span> <span class='ocrx_word' id='word_1_97' title='bbox 1012 2059 1166 2132; x_wconf 81' lang='lat' dir='ltr'>iubnnnes</span> <span class='ocrx_word' id='word_1_98' title='bbox 1191 2054 1326 2129; x_wconf 85' lang='lat' dir='ltr'>Cmielis</span> <span class='ocrx_word' id='word_1_99' title='bbox 1355 2061 1486 2148; x_wconf 78' lang='lat' dir='ltr'>rogatus</span> <span class='ocrx_word' id='word_1_100' title='bbox 1508 2073 1527 2118; x_wconf 83' lang='lat' dir='ltr'><strong>a</strong></span> <span class='ocrx_word' id='word_1_101' title='bbox 1550 2057 1728 2123; x_wconf 78' lang='lat' dir='ltr'>memoratu</span> <span class='ocrx_word' id='word_1_102' title='bbox 1752 2047 1897 2140; x_wconf 77' lang='lat' dir='ltr'>aligerno</span> <span class='ocrx_word' id='word_1_103' title='bbox 1923 2051 1995 2122; x_wconf 79' lang='lat' dir='ltr'>terii</span> <span class='ocrx_word' id='word_1_104' title='bbox 2009 2048 2184 2146; x_wconf 71' lang='lat' dir='ltr'>mbcnpsi</span> 
     </span>
     <span class='ocr_line' id='line_1_13' title="bbox 767 2179 1468 2275; baseline -0.029 -4"><span class='ocrx_word' id='word_1_105' title='bbox 767 2209 801 2270; x_wconf 86' lang='lat' dir='ltr'>et</span> <span class='ocrx_word' id='word_1_106' title='bbox 824 2200 1018 2268; x_wconf 73' lang='lat' dir='ltr'>memoratus</span> <span class='ocrx_word' id='word_1_107' title='bbox 1041 2188 1160 2260; x_wconf 73' lang='lat' dir='ltr'>suriidus</span> <span class='ocrx_word' id='word_1_108' title='bbox 1183 2185 1318 2256; x_wconf 76' lang='lat' dir='ltr'>traditus</span> <span class='ocrx_word' id='word_1_109' title='bbox 1342 2181 1411 2254; x_wconf 83' lang='lat' dir='ltr'>vidi</span> <span class='ocrx_word' id='word_1_110' title='bbox 1435 2179 1468 2275; x_wconf 91' lang='lat'>†</span> 
     </span>
    </p>

    <p class='ocr_par' dir='ltr' id='par_1_7' title="bbox 771 2301 2183 2529">
     <span class='ocr_line' id='line_1_14' title="bbox 861 2301 2183 2412; baseline -0.01 -26"><span class='ocrx_word' id='word_1_111' title='bbox 861 2318 892 2412; x_wconf 93' lang='lat'>†</span> <span class='ocrx_word' id='word_1_112' title='bbox 917 2322 988 2411; x_wconf 81' lang='lat' dir='ltr'>Ego</span> <span class='ocrx_word' id='word_1_113' title='bbox 1011 2315 1064 2385; x_wconf 88' lang='lat' dir='ltr'>leo</span> <span class='ocrx_word' id='word_1_114' title='bbox 1087 2309 1225 2383; x_wconf 85' lang='lat' dir='ltr'>Curielis</span> <span class='ocrx_word' id='word_1_115' title='bbox 1248 2316 1379 2402; x_wconf 80' lang='lat' dir='ltr'>rugatus</span> <span class='ocrx_word' id='word_1_116' title='bbox 1414 2314 1632 2377; x_wconf 82' lang='lat' dir='ltr'>ememumiu</span> <span class='ocrx_word' id='word_1_117' title='bbox 1665 2303 1807 2399; x_wconf 76' lang='lat' dir='ltr'>eligemu</span> <span class='ocrx_word' id='word_1_118' title='bbox 1841 2303 1930 2374; x_wconf 82' lang='lat' dir='ltr'>iestis</span> <span class='ocrx_word' id='word_1_119' title='bbox 1952 2301 2128 2396; x_wconf 80' lang='lat' dir='ltr'>subscripsi</span> <span class='ocrx_word' id='word_1_120' title='bbox 2151 2311 2183 2375; x_wconf 82' lang='lat' dir='ltr'>et</span> 
     </span>
     <span class='ocr_line' id='line_1_15' title="bbox 771 2431 1412 2529; baseline -0.025 -7"><span class='ocrx_word' id='word_1_121' title='bbox 771 2451 968 2522; x_wconf 80' lang='lat' dir='ltr'>memoratus</span> <span class='ocrx_word' id='word_1_122' title='bbox 992 2437 1110 2513; x_wconf 84' lang='lat' dir='ltr'>solidus</span> <span class='ocrx_word' id='word_1_123' title='bbox 1134 2435 1267 2511; x_wconf 72' lang='lat' dir='ltr'>strutus</span> <span class='ocrx_word' id='word_1_124' title='bbox 1288 2435 1358 2508; x_wconf 82' lang='lat' dir='ltr'>vidi</span> <span class='ocrx_word' id='word_1_125' title='bbox 1380 2431 1412 2529; x_wconf 89' lang='lat'>†</span> 
     </span>
    </p>

    <p class='ocr_par' dir='ltr' id='par_1_8' title="bbox 864 2555 2183 2664">
     <span class='ocr_line' id='line_1_16' title="bbox 864 2555 2183 2664; baseline -0.014 -21"><span class='ocrx_word' id='word_1_126' title='bbox 864 2569 895 2664; x_wconf 86' lang='lat'>†</span> <span class='ocrx_word' id='word_1_127' title='bbox 922 2569 995 2662; x_wconf 83' lang='lat' dir='ltr'>Ego</span> <span class='ocrx_word' id='word_1_128' title='bbox 1018 2565 1188 2662; x_wconf 73' lang='lat' dir='ltr'>gregorius</span> <span class='ocrx_word' id='word_1_129' title='bbox 1210 2559 1348 2636; x_wconf 82' lang='lat' dir='ltr'>Curielis</span> <span class='ocrx_word' id='word_1_130' title='bbox 1374 2556 1543 2654; x_wconf 83' lang='lat' dir='ltr'>Cumplsri</span> <span class='ocrx_word' id='word_1_131' title='bbox 1566 2570 1599 2634; x_wconf 81' lang='lat' dir='ltr'>et</span> <span class='ocrx_word' id='word_1_132' title='bbox 1622 2555 1744 2632; x_wconf 75' lang='lat' dir='ltr'>absolvi</span> <span class='ocrx_word' id='word_1_133' title='bbox 1760 2563 2010 2660; x_wconf 77' lang='lat' dir='ltr'>permemoratur</span> <span class='ocrx_word' id='word_1_134' title='bbox 2025 2576 2112 2634; x_wconf 79' lang='lat' dir='ltr'>nune</span> <span class='ocrx_word' id='word_1_135' title='bbox 2127 2555 2183 2630; x_wconf 63' lang='lat' dir='ltr'>in-</span> 
     </span>
    </p>
   </div>
   <div class='ocr_carea' id='block_1_5' title="bbox 771 2694 967 2790">
    <p class='ocr_par' dir='ltr' id='par_1_9' title="bbox 771 2694 967 2790">
     <span class='ocr_line' id='line_1_17' title="bbox 771 2694 967 2790; baseline -0.026 -20"><span class='ocrx_word' id='word_1_136' title='bbox 771 2697 912 2770; x_wconf 79' lang='lat' dir='ltr'>dictione</span> <span class='ocrx_word' id='word_1_137' title='bbox 935 2694 967 2790; x_wconf 95' lang='lat'>†</span> 
     </span>
    </p>
   </div>
   <div class='ocr_carea' id='block_1_6' title="bbox 0 0 2462 6516">
    <p class='ocr_par' dir='ltr' id='par_1_10' title="bbox 0 0 2462 6516">
     <span class='ocr_line' id='line_1_18' title="bbox 0 0 2462 6516; baseline 0 0"><span class='ocrx_word' id='word_1_138' title='bbox 0 0 2462 6516; x_wconf 95' lang='lat' dir='ltr'> </span> 
     </span>
    </p>
   </div>
  </div>
 </body>
</html>
