4906 6520
1381 635 1529 732 (ιεε)

751 823 886 910 excepto
909 821 1068 909 quantum
1092 803 1240 900 superins
1263 797 1381 912 exinde
1403 789 1619 885 excepturstis
1643 782 1774 857 dedistis
1793 779 1877 851 mibi
1892 789 1925 850 et
1940 779 1982 848 ad
1997 777 2072 849 filiis
2088 781 2168 850 meis

750 941 900 1016 masculis
924 959 1006 1032 quos
1029 933 1135 1004 habeo
1157 927 1211 999 vel
1235 923 1379 996 habuero
1403 909 1438 988 in
1461 914 1593 1006 coliigio
1617 921 1650 982 rt
1672 906 1886 980 lavornndum
1902 911 1936 973 et
1951 904 2166 976 detinendum

680 1149 682 1156 Α
755 1073 793 1139 ln
816 1092 856 1137 eo
881 1067 970 1138 enim
1003 1074 1117 1132 tenore
1148 1066 1186 1124 ut
1218 1074 1278 1121 nos
1309 1047 1429 1118 ibidem
1453 1037 1695 1135 superbavitare
1718 1041 1752 1102 et
1775 1029 1916 1103 residere
1940 1029 2114 1100 debeamus
2136 1039 2168 1100 et

753 1194 861 1286 ipsum
886 1188 1046 1280 reliquum
1070 1204 1111 1249 ex
1136 1178 1242 1270 ipsum
1266 1173 1406 1241 fundum
1429 1168 1488 1262 qui
1513 1175 1562 1234 est
1585 1187 1604 1232 a
1627 1167 1718 1253 parte
1741 1155 1896 1227 borientis
1919 1175 1985 1224 una
2001 1173 2077 1223 oum
2098 1157 2166 1248 iper

755 1317 895 1408 corrigia
918 1323 950 1379 et
974 1330 1050 1378 oum
1073 1306 1157 1396 ipsas
1180 1319 1303 1400 omnes·
1316 1303 1417 1365 terres
1439 1298 1571 1362 vestras.
1595 1293 1732 1380 exeepto
1751 1293 1909 1381 quantum
1933 1281 2082 1376 superius
2105 1305 2170 1351 ex·

755 1435 928 1530 ceptuastis
952 1431 1041 1502 omni
1066 1445 1175 1496 annuo
1199 1429 1275 1515 epto
1299 1427 1447 1509 tempore
1469 1414 1583 1486 subtus
1605 1421 1639 1484 et
1660 1431 1757 1504 super
1781 1409 1863 1480 bene
1886 1407 2059 1499 diligenter
2081 1405 2170 1475 lavo·

724 1597 726 1600 ·
758 1585 831 1633 rure
855 1567 888 1628 et
912 1555 1019 1626 colere
1042 1573 1100 1622 seu
1124 1560 1157 1617 at
1173 1545 1341 1617 meliorem
1355 1539 1479 1613 cultum
1494 1538 1673 1632 perducere
1690 1535 1864 1606 debeamus
1879 1532 1914 1602 in
1929 1529 2082 1602 omnibns
2098 1550 2172 1598 eum

758 1686 856 1757 robes
879 1691 1008 1751 nostros
1041 1683 1075 1744 et
1108 1667 1305 1742 conciaturia
1328 1690 1385 1738 seu
1408 1663 1572 1759 operarios
1604 1669 1637 1733 et
1660 1667 1787 1751 sumpte
1810 1655 1863 1727 rel
1887 1654 1996 1726 omnir
2020 1675 2171 1747 expensa.

750 1779 1000 1886 ‘eucumminas
1025 1816 1058 1874 et
1079 1805 1162 1875 vites
1185 1823 1242 1874 seu
1264 1801 1423 1870 iruetoras
1446 1793 1503 1864 ubi
1527 1811 1692 1862 necessum
1713 1787 1812 1858 suerit
1827 1787 1915 1856 omni
1931 1806 2039 1856 annuo
2055 1781 2174 1853 ibidem

761 1939 902 2035 ponendi
927 1947 959 2006 et
982 1931 1145 2026 plantandi
1169 1951 1226 2000 seu
1247 1923 1380 2019 potandi
1404 1929 1445 1992 et'
1459 1915 1692 2013 propaginandi
1708 1922 1741 1986 et
1756 1912 1932 1982 albaniandi
1956 1920 1989 1982 et
2001 1931 2092 2004 sepes
2108 1909 2174 1978 eius

765 2059 983 2158 emarginandi
1009 2067 1041 2128 et
1064 2056 1105 2127 do
1127 2060 1235 2123 nostre
1258 2057 1416 2120 sementes
1440 2044 1521 2115 illud
1544 2039 1730 2112 seminandi.
1754 2057 1918 2131 quamque
1940 2033 2040 2104 sarire
2064 2041 2097 2104 et
2119 2034 2174 2103 ie-

765 2190 887 2262 licandi
907 2181 1081 2256 mundandi
1105 2188 1138 2250 et
1162 2177 1359 2271 adimplendi
1383 2171 1491 2246 omnia
1515 2177 1548 2241 et
1570 2170 1605 2240 in
1621 2165 1773 2238 omnibus
1789 2162 1947 2257 quidquid
1960 2159 2051 2232 omui
2065 2181 2174 2230 annuo

769 2318 903 2386 inferius
926 2324 959 2384 et
982 2307 1130 2403 superius
1145 2287 1193 2376 ibi
1206 2325 1372 2377 necessum
1388 2298 1488 2373 inerit
1505 2307 1538 2368 et
1552 2294 1765 2368 lavorandum
1781 2299 1814 2360 et
1830 2269 2011 2360 faciendum
2026 2307 2086 2356 nos
2101 2284 2181 2355 iilud

765 2461 920 2534 peregere
944 2435 1117 2505 debeamus
1131 2430 1171 2500 ed
1186 2428 1276 2499 omni
1300 2435 1412 2498 nostro
1429 2421 1598 2516 expendio.
1615 2427 1720 2513 preter
1737 2414 1899 2488 mercedes
1914 2413 1954 2484 de
1969 2411 2133 2505 operarios
2149 2417 2181 2478 at

766 2558 1053 2633 vindemniandum
1078 2564 1110 2626 et
1134 2553 1247 2624 vinum
1271 2553 1312 2621 ad
1336 2549 1383 2620 eis
1406 2545 1584 2618 vibendum
1607 2551 1640 2613 et
1663 2539 1744 2614 ubas
1760 2560 1821 2632 pro
1837 2537 1964 2607 lardum
1981 2534 2022 2603 ad
2037 2531 2185 2602 conden-

648 2772 652 2778 ,
772 2689 850 2758 dnm
873 2686 913 2753 de
936 2701 1073 2750 comune
1097 2677 1209 2746 demus
1233 2683 1265 2744 et
1288 2671 1483 2766 pargiemus.
1507 2675 1644 2760 excepto
1667 2687 1732 2734 una
1755 2683 1891 2755 persona
1913 2659 1953 2728 de
1968 2681 2027 2728 nos
2041 2681 2105 2751 que
2120 2677 2187 2726 non
2281 2671 2287 2680 ·

772 2806 888 2876 exinde
902 2802 1096 2898 pargiemus.
1113 2811 1161 2868 set
1178 2819 1236 2868 nos
1255 2818 1310 2865 eos
1325 2793 1468 2866 enutrire
1483 2792 1655 2862 debeamus
1670 2799 1703 2858 et
1717 2786 1794 2880 ipsis
1809 2783 1958 2856 mercidis
1979 2805 2104 2852 eorum.
2129 2803 2187 2850 nos

773 2937 813 3004 ad
836 2933 882 3004 eis
907 2930 1034 3002 trabere
1057 2929 1231 2998 debeamus
1256 2933 1288 2994 et
1310 2923 1409 2993 alium
1433 2921 1541 2991 omnia
1568 2917 1658 2990 etin
1682 2915 1831 2986 omnibus
1859 2935 1918 2983 nos
1942 2935 2100 3006 peragere
2123 2913 2186 2983 de-

773 3063 906 3131 beamus
930 3059 970 3128 ad
994 3057 1083 3128 omni
1108 3065 1219 3124 nostro
1243 3049 1428 3145 exspendio.
1452 3059 1485 3118 et
1501 3048 1730 3141 quodcumque
1746 3044 1834 3112 omni
1851 3065 1958 3114 annno
1973 3041 2095 3112 ibidem
2109 3040 2189 3110 deus

777 3189 900 3259 dederit
923 3185 958 3252 in
982 3182 1128 3275 quolibet
1150 3179 1324 3249 seminatus
1357 3197 1453 3267 super
1481 3195 1540 3244 nos
1564 3173 1644 3243 illud
1664 3171 1776 3242 tollere
1799 3171 1979 3240 debeamus
2012 3177 2045 3239 et
2070 3167 2187 3239 nullam

776 3323 900 3406 partem
922 3308 1016 3378 nobis
1040 3305 1157 3376 exinde
1180 3303 1333 3396 queratis.
1359 3309 1466 3393 preter
1498 3303 1538 3371 de
1561 3300 1650 3394 quod
1666 3297 1711 3368 ibi
1726 3295 1988 3369 seminaverimus
2011 3295 2102 3364 omni
2126 3317 2188 3363 en-

777 3458 844 3505 nuo
868 3432 961 3502 vobis
985 3427 1195 3522 posterisque.
1218 3424 1332 3496 vestris
1355 3425 1540 3495 terraticum
1564 3424 1679 3494 exinde
1702 3423 1777 3492 dare
1793 3421 1965 3492 debeamus
1979 3427 2064 3488 tante
2082 3417 2188 3488 modia

778 3569 896 3658 qrrnnta
930 3557 1036 3630 modia
1060 3579 1118 3649 per
1143 3541 1250 3648 passos
1274 3552 1380 3623 inerit.
1414 3560 1446 3619 et
1478 3552 1517 3621 de
1545 3551 1651 3643 ipsum
1676 3547 1836 3644 reliquum
1861 3571 1903 3618 ex
1925 3548 2032 3640 ipsum
2056 3545 2190 3616 fundum

779 3686 837 3778 qui
860 3693 908 3754 est
931 3706 949 3750 a
972 3690 1062 3774 parte
1086 3677 1240 3747 horientis
1272 3673 1418 3744 similiter
1449 3673 1542 3744 vobis
1573 3675 1677 3766 ipsum
1702 3669 1886 3743 terraticum
1910 3673 1988 3742 dure
2012 3669 2190 3741 debeamus

777 3821 886 3906 preter
918 3813 958 3882 de
990 3809 1054 3878 dua
1088 3805 1194 3876 modia
1227 3804 1320 3872 nobis
1349 3802 1438 3871 omni
1464 3823 1570 3871 annuo
1594 3801 1780 3870 terraticum
1806 3821 1871 3870 non
1894 3800 2045 3893 queratis.
2074 3798 2191 3867 Vinum

780 3960 860 4008 vero
883 3935 1042 4006 mundum
1074 3941 1106 4001 et
1130 3949 1326 4021 saooapanna
1359 3949 1414 3996 seu
1448 3927 1603 3997 [uictores
1627 3947 1706 4019 ques
1730 3914 1822 3994 omn't
1844 3945 1952 3993 annuo
1974 3922 2095 3994 ibidem
2119 3921 2196 3992 deus

782 4059 907 4140 dederit
930 4057 1111 4127 dividamus
1134 4053 1214 4123 iilud
1236 4055 1319 4123 inter
1345 4049 1438 4120 nobis
1470 4073 1527 4144 per
1554 4073 1612 4122 sex
1636 4051 1757 4121 uncias.
1783 4051 1980 4120 vosautem
2004 4057 2036 4117 et
2060 4049 2193 4140 posteris

783 4181 897 4252 vestris
919 4179 1038 4250 exinde
1060 4177 1241 4270 percipiatis
1265 4177 1375 4248 uncias
1398 4200 1465 4250 sex.
1490 4185 1522 4244 et
1545 4197 1606 4267 ego
1628 4185 1662 4246 et
1683 4174 1761 4268 ipsis
1784 4173 1862 4246 meis
1887 4171 1961 4242 tiliis
1982 4169 2129 4242 maeoniis
2151 4169 2196 4239 si·
2265 4198 2269 4206 ·

785 4309 906 4380 militer
930 4307 1007 4378 alias
1030 4329 1087 4382 sex
1111 4306 1228 4376 uncias.
1262 4307 1360 4378 Melas
1384 4327 1463 4375 vero
1486 4311 1620 4398 quantes
1645 4301 1735 4375 omni
1758 4323 1865 4372 annuo
1889 4299 2112 4378 ibidemdeus
2134 4295 2196 4367 de-

787 4433 870 4504 derit
895 4430 1074 4502 dividamus
1096 4429 1166 4500 illus
1189 4431 1273 4500 inter
1295 4427 1388 4500 nobis
1413 4427 1445 4498 in
1470 4427 1615 4521 quintam
1645 4435 1758 4518 partes
1790 4447 1848 4495 vos
1872 4434 1905 4494 et
1927 4421 2062 4516 posteris
2084 4419 2197 4491 vestris

735 4651 742 4662 Ι
785 4570 890 4652 partes
915 4570 987 4630 tres.
1013 4569 1046 4629 et
1067 4580 1126 4628 nos
1149 4567 1254 4652 partes
1278 4559 1366 4628 duas.
1400 4555 1546 4647 portione
1579 4577 1658 4626 vero
1689 4563 1794 4626 vestre
1825 4577 1867 4624 ex
1899 4553 2006 4646 ipsum
2031 4549 2143 4620 vinum
2166 4553 2198 4614 et
2279 4601 2281 4604 .

787 4685 827 4754 de
852 4685 919 4776 ipsu
942 4685 1098 4755 [ructores
1122 4706 1181 4754 nos
1206 4680 1298 4754 uobis
1321 4679 1530 4773 posterisque.
1556 4681 1668 4750 vestris
1692 4679 1784 4750 omni
1809 4699 1916 4750 annuo
1938 4675 2057 4747 exinde
2073 4672 2198 4746 trabere

790 4807 958 4880 debeamus
981 4829 1093 4906 nsque.
1117 4807 1203 4876 intus
1234 4814 1414 4876 memorato
1438 4813 1544 4872 vestro
1567 4786 1761 4874 monasterio
1784 4803 1891 4898 gratis.
1915 4809 2051 4894 excepto
2074 4795 2199 4868 medie-
