4906 6520
1413 686 1438 776 1(
1467 685 1573 778 tst)

789 850 840 922 nis
863 849 1045 921 sennielati:
1072 844 1206 940 etquis
1230 843 1376 914 uenimus
1399 861 1459 910 uos
1482 843 1662 910 memorato
1692 829 1796 902 cisano
1822 841 1854 901 et
1878 827 2126 920 iohanniperto:
2151 852 2210 902 seu

791 990 885 1072 petro
909 988 942 1048 et
965 977 1081 1070 guiso:
1118 964 1182 1045 uun
1206 995 1281 1044 cum
1296 977 1479 1064 memoratu
1508 961 1652 1036 charmin
1682 981 1747 1054 que
1779 980 1838 1029 vos
1868 957 1960 1028 nohis
1984 957 2151 1029 resistitis:
2177 971 2210 1030 et

792 1107 957 1199 quesimus
980 1103 1074 1174 vobis
1097 1112 1134 1172 ut
1157 1097 1324 1172 retderetis
1347 1094 1441 1169 nobis
1464 1099 1641 1165 memorate
1666 1087 1766 1181 petias
1786 1085 1825 1156 de
1842 1097 2019 1159 memorato
2044 1095 2151 1157 terre:
2178 1101 2211 1159 et

791 1231 869 1326 quie
894 1231 1094 1324 perreximus
1118 1227 1228 1297 umbos
1250 1233 1358 1318 portes
1381 1231 1454 1292 ente
1476 1217 1612 1312 uestigia
1637 1217 1777 1311 gloriose
1802 1217 1967 1310 potestatis
1992 1215 2125 1286 domino
2140 1239 2210 1287 ser·

792 1357 849 1450 gio
872 1355 907 1424 in
931 1352 983 1424 dei
1006 1349 1138 1422 nomine
1161 1345 1431 1420 etminentissimo
1453 1343 1566 1416 consul
1590 1353 1623 1416 et
1646 1343 1714 1414 dux
1738 1353 1771 1414 et
1794 1354 1868 1415 ente
1891 1342 2015 1413 iudices
2038 1365 2151 1414 eorum
2176 1345 2210 1413 in
2278 1400 2282 1406 ,

792 1478 922 1573 publico
945 1497 1009 1549 une
1033 1498 1109 1546 cum
1132 1477 1313 1544 memorato
1337 1467 1474 1562 angelo:
1499 1476 1532 1540 et
1555 1465 1780 1539 iudicaverunt
1796 1466 1882 1538 inter
1900 1465 1994 1538 nobis
2009 1465 2073 1537 hoo
2088 1465 2208 1539 iudicio

793 1613 830 1676 ut
852 1601 960 1678 terne
983 1603 1077 1676 nobis
1100 1623 1175 1697 pers
1198 1607 1308 1672 nosue
1332 1607 1406 1669 ente
1429 1603 1609 1670 memorato
1633 1595 1771 1688 angelos
1795 1606 1828 1667 et
1852 1593 1960 1667 dicere
1983 1597 2063 1690 quie
2088 1616 2209 1666 memo-

792 1739 862 1802 rete
885 1729 986 1824 petius
1009 1728 1050 1800 de
1074 1733 1270 1800 memoratos
1292 1733 1379 1795 terre
1402 1745 1468 1818 que
1491 1731 1629 1794 vocetur
1651 1733 1684 1793 nt
1707 1719 1811 1791 menie
1835 1729 1868 1790 nt
1890 1718 1946 1792 itte
1969 1718 2112 1813 griptule
2136 1741 2210 1813 per-

687 1876 689 1883 ·
794 1859 874 1932 tinet
897 1858 937 1930 de
960 1856 1016 1930 ide
1038 1863 1141 1928 terres
1164 1853 1205 1926 de
1226 1851 1302 1924 ittet
1324 1849 1567 1922 boocuboocum
1589 1859 1781 1923 vosautem
1795 1845 1890 1920 nobis
1905 1867 1959 1918 ecs
1973 1844 2046 1918 illes
2065 1845 2210 1919 retdere:

794 1995 828 2058 et
850 1987 929 2082 qrrie
952 2007 1012 2080 per
1035 1981 1198 2079 colloquio
1222 2001 1385 2052 vonomm
1408 1978 1605 2052 omminibus
1627 1979 1763 2052 fecimus
1785 1977 1872 2050 iuter
1887 1975 1980 2047 nobis
1994 1997 2070 2048 cum
2085 1999 2211 2050 memo-

794 2121 866 2184 rsto
890 2108 1005 2202 angelo
1028 2107 1114 2179 bona
1137 2105 1395 2178 oombenientiec
1418 2125 1542 2200 esque:
1575 2103 1666 2177 omni
1688 2111 1948 2174 monumentum:
1972 2109 2006 2173 et
2028 2125 2048 2170 c
2069 2102 2210 2195 presenti

799 2235 853 2308 die
874 2230 1096 2326 promisistitis
1117 2251 1178 2301 uos
1200 2237 1382 2302 memorato
1405 2227 1540 2301 domino
1554 2226 1702 2323 fflippum
1715 2225 1892 2300 uenerabili
1915 2225 2071 2318 igumeno
2085 2233 2118 2295 et
2133 2245 2213 2296 cun·

795 2373 844 2432 tes
867 2357 1115 2453 congregatione
1138 2357 1374 2428 monachorum
1395 2353 1568 2429 memorati
1590 2354 1694 2426 eneti
1708 2363 1742 2426 et
1755 2350 1948 2425 renmehilis
1969 2349 2069 2422 vestri
2093 2373 2212 2423 mone·

795 2486 911 2559 storiis
944 2494 1088 2556 etcum
1120 2504 1314 2556 eonmnsum
1346 2490 1528 2554 memorato
1556 2479 1671 2576 cugcio
1694 2477 1853 2553 dedistitis
1877 2489 1910 2550 et
1933 2477 2100 2551 tredistitis
2121 2479 2214 2550 nobis
2358 2461 2361 2464 ⁵
2431 2445 2432 2454 ἵ

796 2621 978 2687 memoreto
1009 2607 1116 2682 clinno
1148 2617 1182 2680 et
1213 2605 1440 2704 iohenniperto
1459 2617 1493 2679 et
1517 2618 1610 2703 petro
1632 2627 1691 2680 seu
1713 2607 1809 2703 guiso
1832 2617 2028 2679 memoratos
2051 2607 2153 2702 petius
2175 2608 2214 2680 de

797 2722 975 2810 memerito
997 2741 1082 2806 terre
1106 2755 1172 2828 que
1194 2740 1331 2804 vocatur
1354 2731 1513 2804 stensele
1535 2741 1574 2803 ut
1596 2753 1694 2827 super
1715 2731 1854 2826 legitur:
1882 2740 1915 2802 nt
1939 2732 2211 2826 responsetioum:

672 2908 679 2917 -
798 2865 833 2934 in
857 2885 898 2936 eo
921 2873 1034 2934 tenore
1055 2869 1095 2930 nt
1116 2859 1152 2930 in
1175 2867 1285 2930 nostre
1310 2859 1493 2954 nostrisque
1515 2856 1689 2933 hmedibus
1707 2861 1772 2933 sint
1793 2868 1949 2956 potestnte
1964 2860 2095 2932 tenendi
2109 2869 2142 2930 et
2157 2859 2214 2932 do-

797 2984 940 3059 mmcndi
963 3005 1021 3056 seu
1043 2982 1223 3056 semincndi
1246 2993 1279 3056 et
1302 3003 1483 3078 supernos
1503 2983 1736 3076 recolligendi:
1760 2985 1848 3056 unde
1871 2983 1994 3056 nullam
2017 2995 2108 3080 perte
2123 2985 2214 3057 nohis

798 3110 1005 3204 nostrisquet
1040 3106 1213 3202 heredibus
1235 3129 1302 3178 uon
1325 3107 1468 3201 querntis
1491 3131 1550 3203 per
1582 3109 1709 3180 nullum
1730 3109 1888 3182 modurn
1914 3111 2104 3182 tantumodo
2129 3111 2215 3182 omni

800 3253 988 3306 enuueuos
1010 3232 1239 3306 coheredibus
1272 3235 1393 3306 nostris
1420 3233 1514 3308 uobis
1545 3235 1733 3331 vestrisque.
1763 3237 1899 3331 posteris
1923 3247 1956 3308 et
1978 3237 2013 3308 in
2037 3251 2215 3309 memorato

800 3371 909 3432 sancto
932 3367 965 3432 et
986 3357 1164 3432 nunniti
1186 3365 1297 3430 uestro
1320 3361 1516 3432 monasterio
1540 3361 1617 3433 dere
1637 3374 1670 3435 et
1685 3363 2024 3436 ctduceredebecmus
2038 3385 2096 3458 per
2111 3373 2216 3434 mtum

801 3495 938 3580 augusto
970 3505 1104 3560 meme:
1137 3483 1219 3556 idest
1246 3485 1503 3577 responsoticum
1531 3483 1637 3558 fasioli
1659 3487 1754 3560 urici
1777 3487 1926 3560 modium
1948 3509 2052 3560 unum
2075 3497 2215 3558 tractum

800 3621 947 3706 peretum
970 3632 1074 3706 usque
1098 3610 1185 3682 intus
1209 3617 1301 3702 porte
1325 3609 1497 3682 memorati
1520 3612 1621 3684 sensti
1646 3621 1678 3684 et
1701 3612 1895 3688 venerabilis
1915 3612 2016 3686 uestri
2030 3610 2218 3684 monosterii

800 3745 1022 3810 mensuratum
1044 3743 1078 3804 et
1101 3732 1249 3806 modium
1272 3733 1396 3804 iustum
1417 3735 1488 3806 sine
1503 3735 1594 3810 omui
1609 3735 1859 3808 mancatione:
1883 3734 2123 3808 chenule'sero
2141 3757 2218 3828 pro-

799 3861 959 3936 missionis
992 3882 1058 3956 que
1092 3859 1177 3931 inter
1200 3859 1295 3930 nobis
1317 3861 1423 3932 iecere
1446 3862 1579 3936 abemus
1603 3862 1665 3934 siet
1688 3863 1818 3936 firmes:
1844 3873 1878 3938 et
1900 3863 2013 3936 stabile
2036 3865 2071 3934 in
2095 3886 2215 3956 perpe-

801 4003 919 4064 tuum:
954 4000 988 4064 et
1018 4011 1085 4061 non
1117 3987 1239 4060 cheetis
1271 3987 1435 4063 licentium
1459 4013 1518 4063 uos
1540 4000 1574 4062 et
1596 3991 1733 4086 posteris
1755 3991 1874 4064 nostris
1897 3991 1993 4062 vobis
2016 3993 2216 4086 omnisque:

802 4117 974 4190 heredibus
998 4115 1071 4188 illut
1097 4117 1208 4190 tollere
1232 4139 1290 4212 per
1313 4117 1440 4190 nulium
1464 4119 1600 4190 modum
1623 4119 1734 4192 dentes
1749 4131 1783 4193 et
1798 4119 1989 4215 utinplentes
2005 4121 2097 4190 omni
2111 4139 2215 4189 annue

803 4240 954 4314 omuibus
977 4243 1165 4314 memoretis
1188 4254 1227 4314 ut
1250 4265 1347 4338 super
1369 4243 1489 4340 legitur
1512 4246 1590 4339 quie
1606 4246 1651 4316 ite
1667 4246 1752 4320 inter
1774 4247 1867 4318 nohis
1890 4246 2032 4339 placuit:
2058 4245 2086 4316 si
2111 4253 2219 4317 nutem

760 4369 762 4374 ’
803 4392 861 4440 nos
885 4381 940 4443 eut
964 4371 1135 4443 heredibus
1168 4374 1287 4446 nostris
1315 4375 1409 4446 aliter
1437 4373 1608 4446 fecerimus
1637 4375 1678 4446 de
1700 4373 1752 4446 his
1775 4376 1927 4448 omnihus
1952 4373 2137 4445 memoretis
2160 4393 2219 4466 per

802 4497 919 4595 quobis
942 4496 1077 4572 modum
1102 4509 1159 4570 eut
1180 4501 1359 4574 summissis
1381 4501 1527 4595 personis
1549 4515 1628 4574 tunc
1652 4501 1876 4598 componimus
1902 4501 1995 4574 uobis
2018 4501 2218 4594 vestrisque:

802 4627 939 4721 posteris
962 4627 1034 4700 euri
1058 4627 1176 4700 solidos
1201 4627 1399 4722 trigintesex·
1414 4628 1619 4724 bythienteos
1650 4639 1683 4702 et
1708 4655 1745 4702 ee
1769 4629 1913 4702 chertuln
1937 4629 2159 4724 promissionis
2182 4636 2220 4698 ut

803 4765 901 4849 super
924 4755 1043 4851 legitur
1066 4756 1108 4827 sit
1130 4755 1222 4828 tirmn
1247 4755 1363 4850 scripte
1395 4779 1452 4852 per
1482 4779 1615 4828 mentun
1636 4756 1782 4828 iohannis
1806 4757 1936 4829 curialis
1960 4779 2019 4850 per
2042 4763 2218 4826 mensurate

802 4879 974 4953 indictione
990 4884 1022 4974 †
1038 4880 1102 4952 hoe
1124 4881 1253 4976 signum
1267 4879 1299 4977 †
1314 4903 1428 4952 munus
1445 4890 1624 4952 memorato
1647 4881 1752 4952 erano
1767 4892 1800 4952 et
1818 4881 2064 4976 iohannipertu:
2089 4901 2145 4950 seu
2161 4901 2219 4970 pe-

802 5015 854 5076 tro
878 5015 910 5075 et
935 5005 1029 5099 guiso
1053 5005 1141 5102 quod
1166 5028 1227 5100 ogo
1252 5007 1309 5100 qui
1333 5017 1527 5080 memoratos
1551 5007 1591 5076 eb
1616 5003 1662 5078 eis
1685 5012 1817 5102 rogetus
1840 5031 1900 5101 pco
1923 5005 1970 5076 eis
1992 5003 2166 5096 subscripsi
2186 5001 2216 5096 †
