4906 6520
975 663 1119 762 (ns)

252 815 255 824 ’
321 833 466 898 veebum
488 812 631 917 positum
655 811 689 894 in
713 829 893 896 memmoto
916 821 990 896 loeo
1012 847 1077 898 une
1099 844 1175 896 cum
1198 821 1367 896 erroribus
1390 831 1423 894 et
1446 823 1593 894 introites
1616 843 1689 894 suos
1705 831 1739 894 et

263 1027 272 1036 ,
322 950 473 1022 omnibus
496 949 559 1022 εἰνὶ
582 947 837 1043 pertinentibus:
861 951 993 1024 eoberet
1015 954 1077 1024 sivi
1102 959 1135 1022 nt
1156 959 1334 1024 memorato
1356 949 1462 1044 prime
1477 948 1596 1042 petiole
1613 949 1653 1021 de
1669 971 1738 1018 me-

321 1085 452 1148 moratu
475 1074 710 1148 firnducculum
733 1073 773 1144 cb
797 1096 864 1145 uno
887 1073 987 1146 lutere
1009 1085 1100 1168 porte
1127 1075 1305 1148 meridiane
1328 1083 1414 1144 terre
1436 1095 1508 1146 men
1531 1074 1626 1145 sicuti
1648 1071 1733 1144 inter

322 1226 358 1276 se
382 1205 436 1276 sie
459 1203 680 1298 compigncrie
710 1205 849 1276 endunt:
883 1217 916 1276 et
944 1203 990 1274 dc·
1007 1203 1072 1277 atio
1096 1204 1196 1276 lutere
1219 1213 1310 1296 perte
1334 1202 1571 1296 septemtrionis
1595 1203 1648 1272 vie
1671 1223 1739 1293 pu-

322 1331 429 1404 blico:
462 1334 502 1406 de
525 1331 722 1425 unocepite
744 1341 834 1426 perte
856 1329 1029 1404 occidentis
1052 1331 1106 1402 ria
1129 1329 1277 1422 publice:
1312 1339 1345 1398 et
1368 1329 1408 1398 de
1432 1326 1497 1396 elio
1520 1328 1623 1422 capite
1647 1336 1738 1420 perte

323 1458 457 1530 orientis
480 1468 566 1530 terro
589 1456 734 1552 petride
758 1455 993 1534 celbetisnum:
1024 1463 1058 1526 et
1088 1463 1121 1524 et
1143 1461 1338 1525 memoratas
1362 1453 1516 1524 secundos
1539 1452 1673 1545 petiolas
1697 1455 1738 1525 de

324 1595 506 1661 memoratu
530 1585 780 1661 funducenlumt
807 1585 939 1657 coberet
961 1583 1024 1654 εἰνὶ
1046 1582 1088 1652 de
1110 1603 1177 1652 uno
1202 1582 1304 1674 capite
1325 1591 1417 1674 perte
1431 1581 1667 1674 septemtrionis
1682 1581 1736 1651 vic

324 1709 475 1804 publicu:
509 1719 542 1782 et
565 1711 606 1782 de
630 1707 693 1778 elio
717 1709 821 1801 cupite
844 1717 935 1800 purte
958 1705 1136 1780 meridiana
1160 1711 1208 1776 est
1229 1715 1408 1774 memoratu·
1430 1703 1483 1774 vie
1505 1705 1735 1798 coupignarie:

325 1837 365 1906 de
389 1858 455 1906 uno
480 1835 579 1906 lutere
601 1843 692 1926 parte
715 1832 888 1908 occidentis
910 1842 995 1902 terre
1019 1829 1192 1902 memorati
1216 1828 1356 1921 petride
1374 1829 1613 1900 celbetienum:
1643 1841 1676 1902 et
1699 1832 1740 1900 de

326 1961 390 2040 ulio
424 1959 522 2028 lutere
556 1966 647 2051 perte
677 1957 811 2030 orientis
842 1963 926 2026 terre
957 1954 1131 2028 memorati
1165 1955 1249 2049 petri
1272 1955 1313 2026 de
1336 1952 1574 2025 calbetiunum:
1608 1957 1649 2036 de
1678 1980 1742 2051 que

325 2085 408 2158 nibil
433 2084 525 2159 robis
547 2085 665 2160 exinde
688 2083 818 2178 aliquod
841 2083 995 2156 remansit
1017 2091 1074 2154 cut
1096 2082 1307 2154 rmervestitis
1330 2081 1440 2152 necin
1455 2080 1574 2152 alienes
1590 2105 1742 2174 personas

326 2213 555 2288 commisistitis
588 2225 646 2288 sut
668 2213 734 2284 ism
761 2212 961 2285 committitis
989 2219 1165 2306 potestate:
1191 2218 1224 2280 et
1248 2234 1267 2278 a
1297 2209 1437 2301 presenti
1461 2209 1570 2280 dicet
1594 2208 1744 2302 deinceps

327 2342 495 2416 iamdictus
517 2349 710 2414 memoratus
731 2339 810 2412 duas
832 2339 966 2433 petiolas
989 2337 1030 2408 de
1053 2346 1246 2410 memoratus
1269 2337 1473 2409 fundurcule.
1509 2346 1547 2408 ut
1569 2359 1666 2430 super
1689 2334 1744 2407 le·

327 2473 416 2566 gitur
440 2496 460 2541 e
483 2471 576 2542 vobis
598 2469 681 2540 mibi
704 2469 746 2540 sit
767 2476 982 2542 commutatos
1004 2474 1038 2537 et
1060 2467 1192 2538 traditos
1220 2465 1255 2534 in
1279 2487 1351 2536 meo
1375 2465 1541 2558 meisque:
1568 2463 1741 2538 heredibus

328 2598 370 2668 sit
393 2603 549 2689 potestate
572 2594 730 2690 quidquid
757 2595 876 2665 exinde
896 2594 1003 2663 iecere
1025 2589 1167 2662 volueris
1191 2589 1327 2662 liberem
1354 2611 1482 2683 semper
1505 2591 1659 2661 ebeenrus
1683 2613 1744 2683 po—

328 2729 461 2792 testctc:
486 2731 519 2790 et
541 2743 647 2814 neque
671 2743 690 2788 o
713 2717 806 2790 vobis
830 2740 936 2813 neque
959 2743 977 2787 ε
994 2716 1130 2812 posteris
1145 2716 1260 2788 vestris
1276 2737 1336 2786 nec
1352 2737 1372 2786 a
1387 2715 1479 2785 vobis
1495 2716 1641 2810 personis
1655 2739 1746 2786 sum-

328 2846 434 2926 missis
457 2847 547 2918 nullo
570 2861 716 2940 tempore
738 2869 894 2941 nunquan
916 2867 978 2939 ego
1001 2855 1182 2919 memorato
1204 2865 1283 2916 urso
1299 2854 1356 2915 ant
1369 2843 1542 2916 heredibus
1558 2847 1640 2917 meis
1655 2845 1745 2937 quod

331 2973 413 3046 absit
436 2975 596 3048 ¹ebeurisus
628 2975 800 3072 eliquondo
831 2995 1037 3070 quacumque
1059 2971 1268 3066 requisitione
1292 2979 1349 3042 eut
1372 2971 1560 3042 molestied
1591 2995 1679 3043 nunc
1711 2981 1745 3042 et

330 3104 365 3175 in
389 3103 552 3198 perpetuis
574 3102 797 3196 temporibus=
821 3109 1035 3196 quantumst
1058 3099 1224 3193 quomodo
1248 3099 1393 3168 continet
1417 3097 1562 3170 chartule
1576 3089 1743 3171 'eommu-
1848 3165 1850 3168 .

331 3229 461 3301 tutionis
483 3249 555 3298 mee
579 3251 644 3322 que
667 3249 726 3298 νοε
749 3225 832 3295 mibi
863 3225 1133 3297 odio-recisum:
1166 3224 1250 3296 sicut
1274 3225 1359 3294 inter
1382 3223 1475 3292 nobis
1499 3225 1685 3296 combenit:
1712 3227 1741 3294 si

331 3361 439 3424 cutem
459 3375 521 3445 ego
545 3361 601 3422 sut
624 3348 796 3422 heredibus
827 3349 909 3422 meis
931 3347 1025 3419 aliter
1046 3349 1219 3420 fecerimus
1242 3349 1283 3418 de
1306 3347 1357 3420 bis
1381 3348 1532 3420 omnibus
1555 3349 1747 3420 memoretis

331 3487 371 3548 ut
394 3499 490 3570 super
514 3475 632 3569 legitur
655 3496 715 3568 per
745 3471 862 3568 quobis
894 3473 1029 3544 modum
1052 3481 1108 3542 cut
1130 3471 1308 3542 summissis
1332 3473 1476 3562 personis
1500 3481 1743 3565 tunceompo-

331 3605 439 3678 nimus
462 3603 555 3676 vobis
577 3603 775 3697 vestrisque:
798 3599 935 3695 posteris
950 3599 1021 3672 euri
1035 3598 1154 3670 solidos
1176 3599 1309 3691 triginta
1325 3597 1527 3691 bythianteos
1544 3610 1577 3668 et
1593 3621 1629 3669 ee
1645 3599 1747 3668 eber-

333 3731 400 3802 tnle
431 3729 691 3802 commutationis
722 3739 760 3799 nt
790 3751 887 3822 super
908 3727 1031 3820 legitur
1053 3726 1097 3798 sit
1119 3726 1213 3796 firma
1236 3726 1353 3818 scripte
1376 3747 1434 3816 per
1458 3743 1574 3795 manus
1597 3703 1747 3796 iobennis
1837 3727 1841 3735 '

334 3853 464 3924 curialis
486 3873 544 3946 per
567 3861 745 3922 memorato
772 3847 951 3923 indictione
974 3851 1006 3948 †
1029 3850 1094 3923 boc
1115 3851 1246 3946 signum
1269 3849 1300 3946 †
1324 3871 1439 3923 manus
1462 3860 1641 3924 memorato
1665 3874 1744 3924 urso
1819 3928 1824 3938 ,

335 3980 426 4074 quod
451 4000 513 4071 ego
536 3999 597 4071 pro
620 3997 662 4046 eu
686 3973 860 4068 subscripsi
882 3973 915 4068 †
1312 4037 1318 4058 ,
1565 3991 1567 3996 ·

430 4105 462 4201 †
486 4125 548 4198 ego
572 4102 727 4174 iohannes
749 4098 835 4172 filius
858 4097 982 4172 domini
1004 4101 1119 4174 serani
1141 4113 1275 4199 rogetus
1299 4127 1317 4173 e
1341 4110 1559 4205 suprascripto
1582 4131 1660 4200 urso
1676 4113 1751 4186 testi

337 4231 512 4328 subscripsi
536 4229 568 4327 †

433 4359 464 4455 †
487 4361 560 4452 nge
583 4356 736 4432 iubenum
759 4357 899 4452 scriptor
922 4351 1055 4452 rogatu
1078 4382 1097 4428 a
1122 4365 1301 4430 memorato
1324 4379 1402 4430 urso
1425 4361 1499 4433 testi
1522 4362 1697 4457 subscripsi
1720 4365 1752 4461 †

434 4485 576 4577 †sr0
599 4483 870 4560 innumero
893 4493 1068 4559 enuere
1083 4457 1153 4560 Tu
1185 4495 1319 4561 rrnnrr
1342 4495 1570 4565 sorssors
1594 4493 1624 4557 s
1651 4466 1758 4560 fio

340 4621 450 4684 suco
482 4618 607 4684 noers
631 4589 747 4682 corb
771 4607 803 4704 †
1809 4651 1817 4666 .

435 4735 466 4830 †
488 4738 561 4830 Ego
583 4733 737 4806 iobsnnes
760 4731 897 4805 Curieiis
912 4731 1080 4828 Complevi
1094 4744 1129 4805 et
1142 4732 1265 4808 absolsi
1280 4743 1527 4828 permemoratur
1542 4731 1757 4829 indictione†

901 4895 1145 4941 *meq-
