4906 6520
942 653 1086 744 (too)

296 801 469 874 debeamus
493 807 530 868 ut
554 801 676 870 iustum
700 802 807 870 suerit.
833 809 865 871 et
888 825 947 871 vos
971 815 1002 873 et
1027 803 1163 896 posteris
1189 807 1301 875 vestris
1332 807 1492 877 licentiam
1522 813 1641 881 abeatis
1666 839 1717 883 me

296 936 327 996 et
351 926 485 996 heredes
509 923 591 994 meis
615 924 730 995 exinde
754 925 926 1019 pignerare
949 937 982 997 et
1006 927 1186 998 nullatenus
1202 939 1366 1022 presumet
1382 939 1418 998 tu
1434 933 1484 1000 vel
1502 938 1638 1024 posteris
1655 940 1718 1005 tuis

296 1063 358 1130 aut
373 1060 552 1122 memorata
577 1051 709 1121 ecclesia
732 1051 814 1122 mibi
838 1053 890 1124 vel
915 1063 947 1124 at
970 1056 1052 1125 meis
1077 1056 1249 1128 heredibus
1273 1067 1489 1128 memoratum
1523 1061 1658 1130 fundum
1688 1073 1718 1128 ct

299 1187 383 1248 terra
407 1179 520 1248 restris
537 1175 650 1246 tollere
666 1199 724 1268 per
739 1177 866 1248 nullum
882 1181 1018 1252 modum
1044 1183 1153 1250 dantes
1170 1191 1201 1250 et
1216 1181 1433 1273 persolbentes
1457 1205 1519 1274 ego
1535 1194 1566 1252 et
1583 1183 1717 1254 heredes

300 1305 381 1373 meis
406 1303 465 1372 tibi
490 1313 523 1372 et
546 1312 579 1371 at
603 1301 667 1371 tuis
689 1303 826 1394 posteris
850 1304 968 1374 exinde
992 1307 1082 1372 omui
1100 1327 1208 1376 annuo
1224 1315 1440 1375 memoratum
1464 1313 1717 1399 responsaticum

294 1439 331 1498 ut
356 1451 452 1522 super
474 1429 594 1525 legitur
617 1437 650 1496 et
673 1429 867 1524 quandoque
891 1450 953 1521 ego
977 1428 1029 1498 vel
1052 1428 1186 1498 heredes
1211 1429 1293 1498 meis
1316 1428 1376 1497 tibi
1400 1439 1433 1499 et
1456 1455 1474 1498 a
1493 1433 1556 1499 tuis
1582 1435 1718 1523 posteris

294 1563 510 1625 memoratum
534 1553 673 1622 fundum
698 1561 730 1621 et
752 1561 837 1624 terra
862 1553 980 1621 uostris
1004 1552 1229 1621 abrenuntiare
1264 1554 1465 1624 voluerimus
1498 1557 1660 1626 licentiam
1686 1567 1719 1627 et

294 1691 484 1776 potestatem
510 1680 661 1753 Quotus
683 1681 798 1752 exinde
828 1681 917 1750 exire
941 1703 1018 1750 cum
1042 1680 1131 1748 omui
1147 1655 1256 1748 nostra
1273 1681 1448 1751 substantia
1465 1706 1593 1778 queque
1611 1687 1718 1755 abue-

293 1812 395 1882 rimus
419 1811 555 1905 absque:
582 1810 672 1882 omui
697 1816 801 1880 vestra
826 1808 1049 1900 posterisque:
1077 1807 1191 1876 vestris
1216 1808 1451 1876 contrarietate.
1477 1821 1613 1903 excepto
1628 1835 1718 1905 sepes

297 1945 330 2002 ct
352 1938 476 2004 fructus
499 1957 580 2025 quos
606 1933 722 2002 exinde
746 1921 910 2003 exsootere
934 1932 986 2000 vel
1012 1952 1138 2001 versare
1166 1953 1232 2001 uon
1256 1930 1430 2000 debeamus
1446 1931 1530 2014 Quia
1554 1935 1599 2001 ita
1624 1938 1716 2005 uobis

293 2053 387 2122 stetit.
412 2053 447 2122 Si
471 2062 578 2124 autem
603 2053 696 2126 aliter
719 2053 891 2124 fecerimus
915 2061 948 2123 et
971 2051 1106 2122 minime
1135 2052 1400 2145 atinpleverimus
1424 2076 1486 2146 ego
1509 2056 1561 2125 vel
1585 2055 1720 2127 heredes

292 2181 372 2250 meis
397 2181 436 2250 de
461 2180 511 2250 bis
534 2179 686 2251 omuibus
708 2179 892 2252 memoratis
919 2203 977 2273 per
1000 2179 1121 2274 quovis
1145 2179 1281 2249 modum
1296 2189 1352 2250 aut
1369 2183 1547 2254 summissis
1571 2187 1717 2276 personis

292 2317 368 2378 tuuc
393 2308 615 2400 componimus
641 2307 734 2378 vobis
748 2307 970 2402 posterisque:
999 2307 1113 2378 vestris
1131 2313 1163 2374 et
1179 2306 1212 2375 iu
1230 2317 1405 2378 memorata
1421 2308 1553 2378 ecclesia
1570 2312 1640 2379 auri
1656 2335 1716 2380 so-

291 2437 374 2508 lidos
400 2436 532 2527 triginta
555 2434 760 2529 bythianteos
785 2444 817 2504 et
840 2434 901 2504 hec
924 2431 1068 2504 chartula
1086 2439 1122 2502 ut
1138 2453 1234 2526 super
1259 2435 1378 2526 legitur
1401 2435 1442 2502 sit
1458 2435 1570 2505 firma:
1598 2439 1714 2530 scripta

245 2619 248 2626 .
291 2588 349 2657 per
372 2583 488 2632 manus
512 2561 610 2654 sergii
632 2559 783 2629 tabularii
806 2557 946 2627 seribere
970 2565 1100 2648 rogatus
1116 2577 1173 2646 per
1190 2554 1364 2624 indictione
1380 2565 1558 2625 memorata
1575 2560 1713 2653 tertia†

291 2691 354 2761 boc
377 2690 506 2781 signum
530 2689 561 2782 †
585 2709 698 2758 manus
734 2682 903 2758 memorati
942 2683 1022 2764 etitii
1052 2685 1139 2777 quod
1171 2707 1232 2778 ego
1255 2686 1312 2780 qui
1345 2693 1539 2756 memoratos
1571 2709 1631 2778 pro
1667 2712 1710 2760 eu

291 2811 464 2904 subscripsi
488 2811 519 2906 †

385 2940 527 3034 †.uro
553 2917 610 3011 To
645 2946 819 3010 oratore
857 2909 920 3010 a‘u
956 2943 1159 3010 remoru
1198 2946 1322 3010 ruem
1356 2907 1466 3008 nodia
1490 2936 1522 3031 †

383 3058 526 3151 †uro
558 3067 811 3132 crunnuorc
839 3068 1014 3134 olorone
1048 3037 1109 3148 ΚΝ
1133 3041 1188 3130 sd
1209 3069 1331 3130 cucur
1353 3036 1518 3153 fio‘ffl

385 3182 417 3276 †
441 3208 503 3276 ego
526 3185 696 3279 gregorius
721 3184 807 3256 filius
830 3185 954 3254 domiui
977 3185 1045 3255 ursi
1070 3169 1141 3254 testi
1165 3185 1337 3278 subscripsi
1361 3186 1392 3280 †

382 3307 508 3403 †Ego
531 3313 656 3406 sergius
679 3309 856 3387 tabudarius
886 3307 1054 3408 Complevi
1078 3321 1111 3380 et
1136 3311 1258 3380 absolvi
1284 3334 1342 3406 per
1373 3311 1546 3383 indictione
1580 3333 1706 3400 memo„

289 3445 357 3508 rata
380 3436 473 3510 tertia
496 3435 528 3535 †
