4906 6520
1294 581 1297 586 ’
1427 589 1543 686 (⁹⁶)

1417 881 1567 956 CCXVII.

656 1165 708 1214 an.
852 1139 954 1235 ·†lu
970 1138 1101 1210 nomine
1116 1135 1241 1208 domini
1258 1133 1312 1204 dci
1325 1132 1494 1204 salvatoris
1510 1131 1614 1203 nostri
1625 1129 1722 1202 lbesu
1736 1129 1858 1206 Christi
1872 1129 2054 1224 Imperante
2067 1131 2199 1206 domino

581 1293 584 1299 ·
635 1277 721 1343 990.
776 1276 888 1340 nostro
910 1265 1025 1336 basilio
1046 1285 1166 1356 magno
1188 1263 1384 1356 Imperatore
1407 1281 1492 1330 anno
1515 1257 1690 1330 tricesimo.
1714 1255 1771 1330 sed
1794 1265 1827 1328 et
1849 1257 2053 1330 constantino
2079 1283 2196 1356 magno

778 1395 975 1488 Imperatore
1000 1413 1084 1462 anno
1107 1387 1417 1481 vicesimoseptimo:
1444 1385 1497 1458 die
1512 1383 1702 1458 duodecima
1718 1382 1838 1455 mensis
1853 1383 2009 1456 februarii
2024 1385 2198 1462 indictione

778 1517 873 1589 tertia
896 1516 1034 1612 neapoli.
1058 1516 1191 1586 Certum
1215 1521 1263 1581 est
1286 1531 1346 1582 nos
1369 1509 1471 1580 maria
1495 1517 1528 1579 et
1551 1531 1633 1578 anna
1665 1507 1823 1580 monacha
1846 1530 1903 1579 seu
1927 1508 2027 1581 drosu
2060 1509 2193 1584 honesta

780 1639 898 1712 femina
921 1647 955 1709 et
977 1661 1105 1731 gemm
1120 1659 1177 1707 seu
1192 1632 1343 1727 gregorie
1357 1631 1500 1702 honestis
1517 1632 1631 1726 puellis
1647 1632 1788 1703 uterinas
1811 1653 1980 1725 germanas
1996 1633 2077 1711 filias
2093 1659 2197 1729 quon.

780 1769 854 1840 dam
878 1765 1002 1838 domini
1026 1763 1143 1836 marini
1165 1759 1316 1834 monachi
1339 1769 1372 1832 ct
1394 1760 1559 1854 quondam
1583 1759 1714 1832 domina
1736 1783 1831 1832 maru
1854 1759 1988 1834 honesta
2003 1761 2123 1834 semina
2139 1765 2196 1836 iu-

784 1895 906 1988 galium
929 1913 1152 1988 peraonarum.
1175 1891 1206 1960 A
1229 1888 1369 1984 presenti
1393 1888 1446 1958 die
1469 1887 1688 1982 promtissima
1711 1887 1877 1962 voluntate
1892 1913 1953 1984 pro
1968 1892 2022 1964 dei
2037 1915 2149 1965 amore
2165 1903 2198 1966 et

781 2015 965 2087 salbationis
989 2015 1095 2085 anime
1118 2013 1281 2108 quondam
1304 2018 1484 2084 memorato
1507 2009 1640 2081 domino
1662 1989 1787 2082 marino
1802 2013 1962 2086 monacho
1977 2017 2115 2108 genitori
2131 2042 2197 2090 no*

782 2152 871 2214 stro:
898 2141 1122 2214 oliorumimns
1146 2151 1179 2211 et
1201 2138 1392 2212 tradidimus
1414 2137 1509 2210 vobis
1532 2138 1665 2210 domino
1686 2139 1834 2233 filippum
1850 2142 2027 2214 venerabili
2043 2143 2196 2238 igumeno

782 2269 969 2342 monasterii
992 2277 1177 2340 sauctorum
1200 2255 1298 2360 sergii
1321 2273 1354 2336 et
1376 2263 1471 2334 bachi
1495 2262 1654 2360 quinunc
1670 2272 1885 2356 congregatus
1900 2285 1935 2336 es
1951 2265 1986 2337 in
2003 2270 2196 2341 monasterio

781 2407 968 2470 sanctorum
991 2393 1139 2484 theodori
1163 2403 1196 2466 et
1219 2391 1390 2465 sevastiani
1412 2391 1471 2485 qui
1495 2391 1673 2484 appellatur
1696 2391 1876 2484 casapinota
1893 2393 1988 2464 situm
2012 2395 2045 2465 in
2060 2395 2195 2468 viridia·

780 2526 867 2596 rium
890 2535 922 2594 et
945 2533 979 2593 at
1001 2529 1112 2594 cuutas
1136 2516 1384 2614 congregatione
1406 2514 1642 2602 monachorum
1658 2515 1829 2590 memorati
1851 2517 1953 2592 sancti
1970 2528 2003 2592 et
2019 2522 2193 2595 venerabili

659 2659 664 2668 '
784 2661 910 2724 vestros
930 2651 1125 2722 monasterio
1139 2649 1339 2744 presentibus
1353 2657 1387 2722 et
1402 2652 1528 2724 bituris.
1545 2651 1629 2724 ldest
1643 2651 1768 2746 integra
1783 2675 1848 2723 una
1863 2651 1949 2745 petia
1964 2651 2004 2722 de
2019 2659 2121 2722 terras
2136 2675 2195 2722 no·

780 2789 861 2851 siras
877 2779 996 2875 positas
1011 2780 1046 2850 in
1061 2781 1275 2875 pumilianum
1290 2779 1369 2852 ioris
1384 2803 1508 2852 arcora:
1529 2806 1596 2854 una
1612 2803 1688 2852 cum
1702 2781 1872 2851 introitum
1887 2801 1981 2850 suum
1997 2787 2030 2851 et
2045 2779 2194 2852 omnibus

782 2907 845 2978 sivi
868 2907 1119 3002 pertinentibus:
1143 2907 1201 3002 qui
1223 2906 1354 2978 coheret
1377 2905 1439 2978 sivi
1463 2906 1503 2977 ab
1526 2929 1593 2977 uno
1607 2906 1707 2978 latere
1729 2905 1879 2976 iumdum
1902 2905 2073 2977 memorati
2095 2907 2195 2977 sancti

761 3044 817 3103 'et
840 3034 1020 3104 venerabili
1041 3034 1141 3106 vestri
1170 3035 1356 3110 monasterii
1379 3043 1411 3105 et
1434 3033 1474 3104 ab
1498 3033 1563 3104 alio
1584 3035 1684 3104 latere
1707 3032 1760 3103 via
1784 3031 1914 3125 publica
1936 3033 1976 3102 de
2000 3055 2068 3104 uno
2092 3033 2195 3126 capite

780 3165 828 3227 est
851 3166 986 3250 puteum
1009 3164 1154 3228 vestrum
1178 3157 1348 3226 memorati
1372 3167 1482 3226 sanctu
1506 3165 1539 3226 et
1554 3155 1729 3226 venerabili
1744 3165 1852 3225 vestro
1869 3153 2086 3226 monasterio=
2108 3163 2140 3224 et
2157 3155 2196 3226 de

781 3281 845 3352 alio
869 3281 972 3374 capita
998 3291 1046 3352 cst
1069 3293 1155 3353 terra
1178 3291 1285 3353 vestra
1308 3283 1550 3354 demembrato
1574 3284 1666 3352 loco:
1685 3296 1722 3354 ut
1746 3307 1785 3352 av
1809 3281 1943 3353 odierna
1967 3283 2019 3356 die
2042 3295 2075 3352 et
2098 3281 2196 3356 dein-

781 3433 856 3503 ceps
879 3410 1045 3480 iarndictas
1067 3419 1259 3482 memoratas
1282 3410 1384 3505 petias
1407 3410 1447 3480 de
1470 3419 1646 3481 memorata
1672 3421 1754 3481 terra
1773 3419 1808 3479 ut
1823 3433 1920 3504 super
1936 3387 2088 3503 legitura
2103 3410 2196 3481 nobis

780 3537 874 3609 vobis
896 3537 938 3608 sit
962 3539 1108 3610 oblatum
1131 3550 1164 3609 et
1187 3539 1341 3610 traditum
1366 3539 1401 3608 in
1424 3547 1529 3610 vestra
1553 3539 1733 3633 vestrisque
1756 3539 1893 3631 posteris
1917 3549 1949 3608 et
1969 3540 2002 3608 in
2020 3549 2197 3611 memorato

779 3676 889 3737 sancto
921 3677 953 3738 et
977 3665 1153 3739 venerabili
1186 3676 1293 3736 vestro
1325 3667 1521 3737 monasterio
1552 3666 1594 3736 sit
1625 3665 1769 3747 oblatum
1793 3675 1826 3736 et
1850 3665 2004 3736 traditum
2038 3667 2196 3762 quidquid

781 3793 898 3865 exindo
922 3794 1028 3863 facere
1051 3789 1218 3860 volueritis
1249 3791 1350 3862 libera
1381 3813 1508 3884 semper
1531 3791 1650 3860 abeatis
1674 3799 1849 3883 potestate:
1876 3803 1908 3862 et
1931 3815 2037 3886 neque
2063 3791 2197 3863 anobis

779 3931 957 3989 memorata
988 3921 1090 3990 maria
1115 3932 1148 3992 et
1171 3945 1253 3992 anna
1277 3919 1435 3990 monacha
1458 3941 1515 3989 seu
1538 3921 1637 3988 drosu
1656 3918 1789 3988 honesta
1806 3917 1925 3988 semina
1950 3928 1982 3990 et
1996 3941 2125 4011 gemma
2139 3941 2197 3988 seu
2298 3957 2305 3976 ·

777 4046 929 4137 gregorie
953 4046 1086 4120 honeste
1115 4049 1220 4143 puelle
1245 4073 1306 4142 ego
1330 4055 1507 4119 memorata
1531 4047 1629 4116 drosu
1655 4046 1787 4118 honesta
1805 4046 1923 4117 femina
1940 4069 2015 4118 cum
2031 4047 2197 4118 voluntate

780 4169 913 4262 aligerni
937 4172 1001 4240 viri
1028 4175 1093 4245 mei
1116 4199 1222 4270 neque
1246 4201 1264 4244 a
1288 4177 1407 4246 nostris
1430 4174 1603 4244 heredibus
1627 4175 1680 4244 vel
1703 4202 1721 4246 a
1745 4175 1996 4268 nobispersonis
2019 4177 2197 4246 summissis

782 4296 873 4366 nullo
896 4305 1042 4391 tempore
1066 4325 1233 4396 nunquam
1256 4304 1349 4374 vobis
1372 4313 1553 4374 memorato
1576 4303 1711 4374 domino
1726 4303 1873 4396 filippum
1890 4304 2105 4376 venerabilem
2123 4305 2198 4396 igu-

778 4445 875 4494 meno
900 4433 955 4492 aut
979 4426 1114 4517 posteris
1138 4427 1252 4497 vestris
1275 4427 1328 4496 vel
1350 4437 1530 4498 memorato
1553 4435 1663 4498 sancto
1687 4437 1720 4500 et
1743 4430 1918 4500 venerabili
1942 4440 2049 4500 vestro
2079 4453 2198 4500 mona-

779 4546 878 4620 sterio
902 4524 967 4619 aut'
982 4561 1160 4619 memorata
1183 4559 1292 4620 sancta
1315 4558 1347 4620 et
1370 4550 1545 4622 venerabili
1570 4563 1676 4624 vestra
1699 4555 1950 4647 congregatione
1965 4553 2198 4626 monachorum

777 4675 866 4771 quod
890 4673 971 4746 absit
996 4674 1140 4745 habeatis
1166 4675 1283 4746 exinde
1309 4676 1481 4772 aliquando
1510 4701 1705 4773 quacunque
1738 4680 1950 4772 requisitione
1974 4691 2029 4750 aut
2052 4680 2197 4750 molestia

778 4828 798 4872 a
820 4823 906 4870 nunc
930 4809 962 4870 et
986 4801 1194 4894 imperpetuis
1218 4802 1426 4895 temporibus.
1451 4802 1529 4897 quia
1552 4802 1597 4870 ita
1621 4802 1713 4874 nobis
1738 4803 1877 4896 placuit:
1895 4805 1923 4874 si
1940 4814 2047 4875 aulem
2066 4827 2123 4874 uos
2140 4815 2197 4876 aut

777 4923 951 5000 heredibus
975 4929 1091 4999 nostris
1115 4927 1206 4998 aliter
1230 4926 1399 5000 fecerimus
1423 4927 1463 4998 de
1481 4927 1531 4999 his
1545 4927 1696 5000 omnibus
1712 4931 1896 5005 memoratis
1914 4947 1950 5002 ut
1965 4954 2062 5024 super
2078 4930 2196 5026 legitur
