4906 6520
367 1209 462 1303 †ln
495 1205 630 1276 nomine
654 1205 784 1278 domini
811 1205 868 1277 dei
897 1206 1070 1276 salvatoris
1101 1209 1207 1276 nostri
1235 1208 1334 1278 lhesu
1364 1206 1492 1279 Christi
1517 1211 1703 1302 imperante
1763 1249 1820 1295 an.

275 1339 408 1414 domino
422 1345 534 1407 nostro
558 1333 673 1404 basilio
687 1354 810 1426 magno
837 1333 1035 1427 lmperetore
1053 1355 1138 1404 anno
1162 1333 1325 1405 tricesimo
1340 1337 1473 1428 primo:
1500 1339 1557 1408 sed
1574 1346 1607 1406 et
1621 1361 1701 1409 eon-
1750 1359 1837 1420 991.

273 1469 416 1541 sununs
437 1487 558 1560 magno
581 1463 779 1558 Imperatore
803 1485 888 1533 anno
912 1461 1068 1534 vicesimo
1091 1463 1228 1532 octabo:
1244 1461 1297 1532 die
1314 1465 1409 1534 tertia
1433 1466 1553 1536 mensis
1576 1467 1699 1536 martii.

278 1597 456 1670 indictione
477 1601 593 1688 quarta
617 1591 769 1685 neapoti=
796 1587 929 1662 Certum
945 1599 995 1662 est
1009 1611 1064 1660 me
1079 1589 1223 1682 sergium
1243 1591 1462 1662 venerabilem
1485 1593 1701 1686 presbiterum

278 1721 345 1794 lilio
368 1719 501 1815 quidem
524 1715 674 1788 iohannis
697 1713 872 1797 calciolarii
896 1715 950 1786 eui
974 1735 1072 1808 super
1095 1734 1216 1785 nomen
1239 1715 1399 1784 andella:
1426 1716 1458 1786 A
1482 1719 1624 1808 presenti
1649 1717 1701 1786 die

277 1847 438 1942 promicto
464 1845 555 1916 vobis
579 1843 713 1914 domino
736 1843 849 1935 filippo
871 1841 1007 1914 umilem
1031 1864 1196 1935 ygumeno
1219 1843 1408 1912 monasterii
1432 1853 1617 1916 sanctorum
1634 1869 1703 1914 ser-

277 1973 322 2065 gii
348 1982 380 2040 et
403 1968 526 2040 bacchii
554 1969 613 2060 qui
645 1987 710 2039 nuc
742 1975 959 2060 congregatus
988 1966 1095 2036 estin
1119 1957 1314 2036 monasterio
1338 1973 1523 2037 sanctorum
1551 1965 1702 2036 theodori

277 2103 310 2163 et
341 2089 511 2162 sebastiam
543 2090 602 2186 qui
634 2089 825 2161 nominatur
855 2091 1015 2184 casapicta
1046 2091 1146 2160 situm
1177 2091 1213 2160 in
1235 2089 1465 2160 viridiarium:
1500 2099 1533 2160 et
1556 2099 1588 2159 at
1612 2101 1703 2160 encta

276 2221 527 2315 congregatione
558 2217 796 2290 monachorum
830 2217 1002 2292 memorati
1034 2222 1135 2290 sancti
1170 2226 1203 2290 et
1230 2218 1423 2288 venerabilis
1455 2218 1557 2288 vestri
1589 2240 1703 2287 mona-

278 2345 383 2416 sterii:
416 2353 548 2439 propter
569 2345 696 2436 integra
719 2342 852 2414 ecelesia
876 2351 983 2414 vestra
1006 2342 1164 2414 bocabulo
1187 2353 1294 2414 sancte
1317 2339 1448 2414 eufimie
1471 2341 1583 2412 christi
1608 2363 1702 2410 mar-

280 2468 342 2538 tire
367 2469 509 2561 quisita
533 2491 594 2538 exe
618 2467 748 2538 videtur
769 2466 805 2536 in
828 2468 964 2562 regione
987 2467 1129 2537 ficariola
1151 2469 1234 2537 iuste
1264 2489 1396 2548 murum
1429 2465 1613 2559 publicum:
1640 2467 1704 2536 Ubi

280 2597 414 2666 domino
436 2595 566 2664 bolente
590 2618 644 2666 me
667 2595 789 2665 ibidem
813 2597 980 2666 custodem
1003 2594 1220 2664 ordinastitis:
1238 2594 1326 2664 inea
1350 2593 1502 2664 videlicet
1526 2593 1651 2663 ratione
1667 2603 1705 2663 ut
1733 2605 1738 2614 ’

282 2749 344 2817 ego
367 2724 402 2794 in
427 2731 604 2794 memorata
628 2723 761 2792 ecclesia
776 2731 883 2793 vestra
897 2723 939 2794 de
957 2722 1027 2792 dies
1041 2743 1171 2793 omnem
1186 2723 1331 2794 officium
1354 2719 1585 2792 sacerdotalem
1600 2724 1705 2792 lacere

281 2861 314 2920 et
337 2851 467 2922 exibere
490 2849 607 2921 debeas
630 2849 813 2944 bespertino
834 2873 892 2921 seu
914 2849 1086 2922 missarum
1110 2848 1280 2920 sollemnia
1302 2858 1335 2917 et
1358 2849 1426 2919 oris
1449 2847 1598 2918 laudibus
1627 2871 1706 2918 oon·

281 2976 465 3046 cinnatione
489 2977 557 3048 sibe
581 2987 655 3048 ante
678 2999 736 3048 ora
749 2975 819 3048 sibe
842 2985 915 3070 post
930 3000 988 3047 ora
1005 3001 1159 3051 exercerc
1181 2977 1316 3050 debeam
1331 2987 1368 3047 ut
1384 2976 1470 3070 apud
1487 2975 1587 3046 deum
1604 2973 1706 3046 miehi

282 3101 400 3172 merois
424 3109 578 3172 veterescat
601 3111 635 3172 et
657 3121 768 3172 coram
800 3103 964 3175 ominibus
994 3101 1081 3175 laus:
1107 3111 1141 3173 et
1163 3123 1224 3195 pro
1258 3101 1419 3170 alimoniis
1444 3099 1525 3170 meis
1548 3099 1706 3172 dedistitis

209 3299 216 3309 ,
281 3227 364 3335 milri
388 3249 445 3298 seu
469 3225 670 3298 tradidistitis
694 3227 776 3296 idest
799 3226 964 3319 integrum
987 3236 1097 3298 ortum
1121 3228 1181 3320 qui
1204 3235 1253 3296 est
1276 3236 1349 3296 ante
1371 3233 1550 3297 memorata
1573 3223 1707 3294 ecclesia

279 3366 385 3428 vestra
409 3377 473 3428 una
497 3375 574 3426 cum
598 3353 679 3426 cella
702 3355 760 3450 qui
784 3364 832 3426 est
855 3355 944 3426 intus
966 3364 1184 3426 memoratum
1216 3366 1327 3426 ortum
1350 3377 1407 3425 seu
1431 3355 1555 3448 piscina
1578 3355 1636 3450 qui
1660 3353 1707 3423 ibi

282 3494 329 3554 est
353 3491 385 3551 et
408 3503 474 3553 una
497 3503 574 3553 cum
596 3481 709 3552 omnia
732 3490 892 3578 quantum
915 3488 949 3552 ut
971 3489 1151 3553 memorata
1166 3481 1300 3552 ecclesia
1315 3491 1421 3551 vestra
1437 3481 1599 3574 pertinent
1613 3481 1707 3552 beate

282 3610 431 3681 eufimie:
458 3619 590 3680 etcum
613 3610 762 3681 introitas
785 3633 859 3682 suas
882 3615 915 3679 et
938 3610 1091 3682 omnibus
1114 3609 1177 3680 sivi
1200 3609 1455 3702 pertinentibus:
1474 3609 1562 3678 utin
1577 3631 1650 3680 mea
1664 3607 1707 3676 sit

282 3743 437 3828 potestate
462 3736 614 3806 omnibus
638 3735 751 3807 diebus
774 3735 842 3807 vite
858 3757 950 3806 meae
963 3734 1095 3807 tenendi
1109 3743 1142 3805 et
1157 3731 1346 3804 dominandi
1363 3754 1527 3826 quemque
1541 3729 1707 3823 frugiandi

283 3875 320 3932 ut
344 3864 383 3930 de
407 3862 476 3954 ipsa
500 3862 647 3952 frugium
671 3861 788 3931 faciam
813 3885 876 3961 ego
900 3864 1010 3934 omnia
1034 3885 1099 3956 que
1121 3861 1274 3932 boluer0:
1289 3871 1322 3931 et
1337 3861 1447 3930 omnia
1470 3857 1561 3954 quod
1583 3857 1706 3928 ibidem

283 3985 425 4054 oblatum
449 3984 548 4055 luerit
572 3983 733 4055 ahiribus
748 3994 780 4054 et
797 4009 816 4053 a
831 3984 1026 4056 mulieribus
1048 4007 1142 4055 meae
1165 3985 1206 4055 sit
1229 3985 1417 4078 potestatis:
1434 3983 1469 4053 Si
1486 3991 1595 4054 autem
1607 3982 1707 4054 fuerit

282 4111 439 4184 inmovile
463 4119 519 4184 aut
542 4111 778 4207 qualecumque
801 4111 957 4185 movilem
980 4113 1105 4186 maiore
1126 4116 1190 4186 siat
1212 4115 1252 4185 de
1275 4121 1454 4184 memorata
1477 4111 1630 4182 ecelesia:
1654 4111 1707 4180 in-

285 4264 381 4334 super
394 4263 456 4332 ego
472 4248 652 4311 memorato
676 4241 784 4334 sergio
806 4243 985 4314 venerabili
1008 4243 1198 4340 presbytero
1214 4243 1383 4314 dimictere
1398 4241 1572 4314 debeamus
1587 4239 1622 4312 in
1636 4259 1707 4310 me-

284 4378 410 4438 morata
433 4366 567 4438 ecelesia
591 4367 674 4441 idest
697 4391 762 4442 rma
784 4369 912 4464 planeta
934 4371 1021 4443 linea
1044 4394 1120 4444 enm
1144 4394 1297 4444 orareum
1319 4381 1352 4442 et
1375 4369 1563 4464 corporale:
1591 4376 1623 4440 et
1646 4391 1707 4464 pro

202 4575 204 4580 .
285 4493 391 4585 ipsum
414 4493 547 4563 calicem
572 4505 719 4568 sanctum
741 4495 863 4568 ibidem
879 4496 1049 4570 dimictere
1062 4497 1224 4592 promicto
1244 4496 1307 4567 alia
1330 4519 1427 4567 cansa
1451 4493 1624 4564 athaliente
1638 4500 1708 4564 tare

286 4639 407 4688 numi:
431 4617 563 4712 insuper
585 4621 745 4714 promicto
768 4623 924 4697 vobisut
946 4625 1063 4696 amodo
1087 4633 1120 4698 et
1143 4647 1247 4720 usque
1270 4647 1329 4718 per
1348 4631 1451 4693 totum
1469 4622 1578 4712 magio
1595 4641 1707 4690 mense

286 4745 349 4814 isto
373 4745 532 4838 prossimo
556 4745 736 4820 atheniente
760 4747 910 4822 conciare
932 4749 1106 4823 debeamus
1128 4761 1307 4820 memoratu
1329 4748 1461 4819 ecclesia
1476 4745 1587 4815 omnia
1602 4765 1708 4838 quan-

286 4882 358 4940 tum
381 4870 502 4942 ibidem
525 4878 558 4941 at
579 4871 793 4945 senciendum
816 4873 970 4949 abuerita
996 4884 1030 4948 et
1052 4883 1229 4948 memorata
1244 4873 1324 4944 eella
1341 4873 1457 4944 amodo
1481 4881 1514 4942 et
1534 4893 1652 4964 usque:
1670 4870 1706 4940 in

288 5019 390 5067 unum
423 5019 541 5069 amum
575 4999 740 5093 expletum
767 5000 918 5073 similiter
942 5025 997 5076 eas
1020 5005 1169 5077 muctare
1199 5005 1372 5076 debeamus
1395 5001 1526 5076 imimnl
1558 5013 1591 5073 at
1618 5001 1707 5070 omni
1821 5087 1824 5092 ,
