4906 6520
1437 691 1449 784 (
1477 699 1539 760 172
1557 650 1581 781 Ι)

1450 975 1567 1045 cusu.

1392 1229 1517 1302 Christe
1540 1231 1622 1300 save.

674 1505 732 1552 tn·
890 1488 921 1588 †
942 1493 979 1562 ln
1002 1455 1137 1562 ncinine
1158 1487 1284 1560 domini
1305 1485 1359 1558 dei
1381 1485 1553 1556 salvatoris
1574 1483 1676 1554 nostri
1689 1483 1785 1554 lhesu
1808 1481 1933 1556 Christi
1952 1485 2217 1582 Imperante'do·

657 1611 744 1678 997.
797 1616 888 1686 mino
910 1626 1021 1686 nostro
1046 1615 1160 1686 basilio
1182 1635 1300 1705 magno
1323 1612 1518 1704 Imperatore
1540 1631 1624 1678 anno
1648 1607 1810 1678 tricesirno
1833 1609 1970 1700 septimo
1993 1608 2050 1683 scd
2072 1624 2105 1685 et
2127 1638 2213 1688 con-

798 1741 934 1815 stantino
951 1725 1069 1831 magno
1084 1739 1279 1832 Imperatore
1295 1758 1379 1806 anuo
1395 1734 1559 1806 tricesimo
1573 1743 1689 1828 quarto
1705 1731 1757 1804 die
1773 1733 1925 1805 vicesima
1940 1737 2077 1830 septima
2092 1744 2212 1813 mensis

799 1865 898 1956 magii
922 1863 1095 1934 indictione
1118 1859 1241 1930 decima
1263 1857 1404 1952 puteoli:
1428 1857 1559 1926 Certum
1574 1864 1621 1926 est
1636 1879 1695 1925 nos
1719 1855 1891 1931 iohannem
1908 1869 1941 1930 et
1956 1859 2112 1953 stephano
2135 1879 2212 1936 utc-

750 1997 753 2004 '
799 1989 878 2057 rinis
900 1985 1060 2079 germanis
1082 1980 1156 2056 filiis
1180 1985 1341 2078 quondam
1366 1979 1508 2076 gregorii
1535 1979 1592 2074 qui
1616 1981 1800 2051 nominetur
1833 1973 2068 2076 complatorre:
2101 1988 2211 2059 abita-

772 2095 775 2102 ’
799 2107 923 2178 toribus
948 2115 1052 2182 castro
1067 2103 1255 2198 puteolano:
1275 2105 1304 2172 Α
1319 2103 1460 2196 presenti
1475 2101 1527 2172 die
1543 2102 1761 2194 promtissima
1778 2101 1940 2174 voluntate
1956 2109 2213 2193 venundedimns

800 2243 833 2306 et
856 2208 1044 2301 tradidimus
1068 2227 1126 2297 tihi
1152 2224 1286 2296 domino
1302 2203 1448 2319 filippum
1464 2221 1639 2295 venerabili
1655 2224 1809 2318 igumeno
1826 2227 2007 2298 monasterii
2023 2241 2212 2303 sauctorum

797 2357 895 2450 sergii
918 2365 952 2426 et
974 2354 1068 2425 bachi
1092 2353 1150 2448 qui
1174 2375 1260 2424 nuuc
1283 2361 1496 2444 congregatus
1519 2372 1554 2420 es
1577 2349 1612 2420 in
1635 2339 1831 2422 monasterio
1855 2365 2041 2424 aenatorum
2064 2352 2213 2428 theodori

756 2457 762 2472 ⁸
798 2489 831 2554 et
861 2479 1031 2552 sebastiani
1062 2479 1121 2574 qui
1148 2476 1326 2572 appellatur
1357 2477 1514 2570 casapicta
1547 2475 1646 2547 situm
1671 2477 1708 2546 in
1733 2476 1958 2548 viridiarium:
1986 2489 2018 2551 et
2042 2490 2077 2552 et
2100 2493 2212 2553 cuntes

798 2599 1045 2702 congregatione
1068 2603 1301 2676 monachorum
1324 2603 1613 2675 memoratisancti
1630 2611 1662 2675 et
1679 2603 1868 2674 venerabilis
1884 2606 1983 2676 vestri
2000 2611 2210 2680 monasterii:

799 2732 882 2804 idest
910 2731 1041 2827 ¹integra
1073 2725 1222 2820 portione
1245 2731 1354 2798 nostra
1378 2725 1418 2796 de
1441 2723 1588 2794 orticello
1610 2723 1669 2822 qui
1693 2733 1784 2794 autea
1817 2747 1888 2794 cesa
1911 2725 1974 2797 luit
1996 2727 2099 2819 posita
2123 2729 2211 2802 intus

799 2865 981 2928 memorato
1004 2861 1108 2924 castm
1132 2853 1215 2924 iusta
1238 2851 1373 2924 hortum
1395 2857 1561 2922 vestrum:
1584 2871 1648 2922 nna
1672 2871 1747 2920 cum
1763 2847 1888 2920 aeribus
1904 2859 1937 2922 et
1951 2851 2131 2944 aspectibus
2144 2856 2212 2926 suis

798 2991 831 3054 et
853 3004 930 3052 cum
954 2981 1123 3056 introitum
1146 3002 1242 3050 suum
1264 2987 1297 3050 et
1320 2977 1473 3048 omnibus
1495 2976 1558 3048 sivi
1579 2973 1831 3068 pertinentibus:
1846 2973 1978 3046 coherct
2000 2976 2063 3048 siri
2086 2987 2120 3047 at
2142 3001 2211 3051 me-

798 3089 923 3176 morata
946 3101 1095 3195 portione
1118 3109 1227 3170 nostra
1250 3097 1291 3170 de
1314 3104 1494 3171 memorato
1517 3095 1664 3169 orticello
1687 3095 1729 3167 ab
1751 3119 1818 3170 uno
1840 3097 1939 3170 latere
1959 3109 2049 3193 parte
2065 3111 2210 3196 septem-

798 3229 915 3299 trionis
938 3238 986 3298 est
1008 3235 1118 3299 ortum
1141 3235 1286 3304 vestrum
1309 3247 1375 3319 que
1397 3245 1456 3294 ros
1480 3223 1581 3295 :betis
1602 3247 1661 3317 per
1684 3221 1863 3294 chartulam
1885 3225 2081 3298 offertionis:
2115 3231 2210 3298 etde

798 3352 863 3426 alio
886 3353 986 3426 latere
1008 3361 1100 3446 parte
1123 3350 1299 3423 meridiem
1319 3359 1372 3420 est
1393 3349 1538 3422 orticello
1561 3349 1746 3422 monasterii
1762 3349 1864 3422 sancti
1883 3353 1995 3423 antoni
2010 3353 2103 3426 sicuti
2128 3355 2211 3425 inter

796 3497 832 3550 se
854 3475 963 3570 predis
986 3475 1026 3546 de
1048 3493 1120 3543 casa
1143 3471 1296 3566 prctiueis
1318 3471 1454 3542 exlinat:
1473 3473 1514 3544 de
1529 3493 1596 3542 uuo
1610 3471 1714 3564 capite
1729 3481 1820 3566 parte
1836 3473 1969 3545 orientis
1992 3483 2042 3548 est
2064 3477 2209 3556 orticello

796 3612 830 3676 ct
853 3600 977 3696 tigurio
1001 3607 1132 3671 restro:
1152 3597 1192 3668 ed
1215 3595 1256 3668 de
1279 3596 1343 3668 alio
1365 3595 1469 3690 capite
1483 3605 1573 3690 parte
1588 3595 1769 3669 occidentis·
1779 3597 1870 3670 vicus
1885 3599 2072 3694 publicum:
2090 3601 2130 3674 dc
2144 3624 2209 3699 qua

795 3725 881 3798 nihil
902 3724 998 3796 uobis
1021 3723 1140 3795 exinde
1161 3721 1297 3816 aliquod
1330 3723 1484 3794 remansit
1506 3733 1563 3792 aut
1585 3721 1821 3795 reservavimus
1844 3747 1905 3796 nec
1927 3725 1962 3796 in
1983 3725 2103 3798 alienas
2126 3717 2208 3820 pe'r-

794 3848 882 3920 sonis
904 3845 1127 3918 commisimus
1149 3851 1206 3914 sut
1226 3843 1292 3913 iarn
1316 3842 1547 3914 committimus
1570 3852 1748 3938 potestate:
1766 3855 1799 3918 et
1813 3871 1832 3918 a
1846 3848 1986 3941 prmeuti
2000 3847 2052 3922 die
2069 3858 2102 3922 et
2119 3851 2211 3925 deiu-

793 3993 872 4067 ceps
894 3971 960 4042 iun
984 3971 1085 4041 dictas
1108 3977 1285 4042 memorata
1309 3969 1457 4063 portione
1480 3980 1589 4040 nostra
1609 3970 1650 4042 de
1666 3980 1882 4044 memoratam
1895 3973 2043 4045 orticello
2058 3983 2095 4047 ut
2110 3995 2208 4070 super

793 4092 916 4188 legitur
937 4117 956 4162 a
978 4092 1072 4164 nobis
1094 4091 1190 4165 vobis
1212 4093 1254 4164 sit
1275 4091 1493 4165 venundatum
1510 4104 1543 4164 et
1558 4093 1712 4166 traditum
1731 4094 1771 4175 in
1793 4104 1899 4168 restra
1922 4097 2118 4193 vestrisque:
2140 4121 2208 4192 po-

794 4217 889 4290 steris
910 4217 952 4288 sit
973 4225 1132 4310 potestate
1153 4235 1283 4311 queque
1305 4213 1422 4285 exinde
1447 4215 1552 4285 secere
1574 4213 1742 4286 volueritis
1771 4215 1906 4289 liberam
1933 4239 2060 4312 semper
2083 4219 2204 4292 abeatis

701 4407 713 4428 ,
793 4347 974 4435 potestate:
1006 4350 1039 4410 et
1070 4361 1218 4432 nequeo
1241 4334 1336 4408 nobis
1358 4343 1538 4407 memorato
1560 4335 1702 4408 iohanne
1723 4345 1757 4410 et
1779 4339 1934 4432 stephano
1965 4341 2100 4414 uterinis
2122 4365 2204 4437 ger·

793 4466 913 4538 menis:
936 4485 1042 4558 neque
1065 4488 1084 4532 a
1106 4461 1224 4532 nostris
1246 4457 1417 4532 heredibus
1439 4460 1493 4533 vel
1507 4485 1526 4528 a
1542 4461 1635 4532 nobis
1650 4459 1795 4557 personis
1809 4466 1987 4538 summissis
2002 4467 2095 4540 uullo
2113 4455 2203 4542 teum

792 4615 873 4688 poro
895 4611 1050 4684 nunquan
1074 4610 1131 4660 ros
1154 4593 1335 4656 memorato
1358 4585 1491 4656 domino
1513 4583 1662 4682 filippum
1686 4589 1861 4662 venerabili
1882 4591 2038 4685 igumem
2060 4602 2116 4668 aut
2137 4615 2204 4688 po-

793 4715 887 4790 steris
907 4714 1023 4788 vestris
1046 4713 1135 4809 quod
1157 4711 1240 4783 absit
1262 4709 1382 4782 mertis
1406 4707 1523 4781 exinde
1546 4709 1718 4805 aliquando
1749 4735 1955 4809 quacumque
1986 4719 2202 4812 requeuhona

793 4849 848 4911 sut
871 4839 1015 4911 molestia
1038 4863 1057 4908 a
1080 4860 1166 4909 nunc
1188 4835 1439 4930 etinperpetuis
1462 4835 1682 4930 temporibus:
1708 4835 1840 4932 insuper
1866 4839 1957 4910 omni
1972 4843 2118 4936 tempore
2139 4864 2199 4916 nos

729 4991 733 5000 ·
791 4973 825 5035 et
842 4963 1011 5038 heredibus
1033 4961 1150 5037 nostris
1166 4961 1257 5035 vohis
1269 4961 1466 5057 rostrisque:
1481 4959 1618 5056 posteris
1633 4961 1751 5037 exinde
1767 4961 1808 5036 ab
1820 4963 1914 5036 omui
1929 4965 2073 5042 ommino
2088 4967 2197 5047 omui·
