4876 6520
341 1179 432 1272 †ln
456 1181 587 1253 nomine
609 1181 734 1255 domini
757 1183 811 1257 dei
831 1183 1000 1258 ¹salvatoris
1024 1191 1126 1261 nostri
1141 1191 1236 1265 lhesu
1260 1195 1379 1268 Christi
1403 1199 1581 1296 Imperante
1605 1207 1670 1276 do·
1736 1236 1791 1280 an.

246 1306 336 1381 mino
360 1316 471 1378 nostro
493 1305 607 1378 hesssio
630 1329 749 1402 magno
780 1309 975 1404 Imperatore
1001 1335 1087 1384 anno
1112 1315 1267 1390 vicesimo
1293 1325 1432 1396 seeundo
1454 1331 1507 1399 eoi
1529 1345 1559 1400 et
1583 1355 1669 1404 oon·
1720 1347 1806 1407 982.

247 1435 387 1506 stantino
409 1415 507 1506 ir'ater
530 1434 600 1506 eins
622 1457 741 1532 magno
773 1437 968 1534 imperatore
990 1463 1075 1512 anno
1097 1444 1332 1520 nonodecimo:
1358 1451 1411 1523 die
1433 1466 1522 1526 sexta
1546 1459 1668 1532 decima

247 1560 365 1631 mensis
388 1558 540 1634 februarii
563 1561 733 1633 satiatem
755 1562 880 1638 decima
907 1564 1060 1658 neapoli:
1089 1567 1215 1642 Merissi
1250 1573 1417 1649 dihisionis
1447 1582 1528 1652 faeta
1553 1583 1594 1654 ha
1617 1609 1669 1656 me

245 1686 387 1778 sergium
410 1683 515 1759 filium
539 1687 701 1783 qnondam
724 1689 811 1762 idem
827 1689 949 1763 domini
965 1693 1062 1787 sergii
1078 1703 1110 1767 ot
1124 1699 1287 1792 quondam
1302 1702 1432 1776 domina
1448 1729 1530 1778 anna
1545 1711 1668 1783 maesto

244 1811 363 1902 [oniae
384 1811 546 1906 iugalibus
569 1833 800 1906 personatam:
827 1815 869 1889 de
891 1815 1044 1891 fundoras
1067 1829 1101 1892 et
1123 1823 1216 1896 terris
1249 1829 1365 1898 nostrie
1388 1851 1453 1924 qne
1470 1831 1609 1922 abemus
1632 1837 1666 1908 in

246 1931 354 2004 ianula
376 1942 409 2006 et
431 1933 467 2006 in
490 1933 712 2028 carpinianum
740 1935 799 2033 qui
828 1937 921 2010 nobis
942 1939 1082 2034 pertinet
1102 1965 1162 2038 per
1184 1951 1368 2020 memoratis
1391 1950 1551 2046 iugalibus
1568 1958 1666 2050 geni-

174 2145 177 2150 .
242 2057 367 2129 toribus
390 2056 495 2130 meisa
512 2079 593 2153 qnas
617 2058 760 2134 dibidere
783 2061 872 2135 risus
887 2083 959 2135 snm
975 2064 1010 2134 in
1025 2068 1164 2140 emunda
1176 2079 1266 2163 parte
1281 2069 1364 2144 inter
1379 2095 1433 2146 rne
1448 2085 1480 2146 et
1496 2099 1554 2149 vos
1570 2079 1667 2154 bide-

242 2181 318 2252 licet
341 2181 453 2252 maria
467 2180 525 2277 qui
546 2183 700 2286 maronia
719 2183 875 2257 clamatm
891 2197 924 2260 ot
937 2187 1077 2262 iohanne
1093 2193 1249 2289 scriptore
1262 2217 1321 2268 seu
1336 2200 1488 2292 gregorio
1503 2223 1669 2299 quamque

242 2325 323 2380 anna
347 2305 482 2379 honesta
504 2307 657 2403 phemina
680 2312 815 2385 uterinis
838 2313 998 2407 germanis
1020 2315 1094 2392 filiis
1108 2321 1271 2416 mendam
1295 2325 1417 2398 domini
1441 2327 1527 2400 leoni
1551 2331 1663 2404 curiali

241 2433 299 2528 qni
315 2431 379 2504 init
398 2433 527 2506 uterino
543 2453 699 2528 germem
723 2457 798 2510 meo
821 2443 858 2508 tn
881 2447 1058 2513 memorata
1080 2444 1182 2516 maria
1205 2467 1280 2516 oum
1304 2467 1461 2521 consensu
1482 2457 1578 2546 sergii
1602 2459 1665 2528 viri

240 2565 288 2633 toi
310 2585 319 2628 a
344 2559 430 2632 nnde
454 2581 508 2632 me
531 2567 713 2632 memorato
735 2561 842 2654 sergio
865 2561 1004 2655 pertinet
1026 2565 1143 2638 exinde
1165 2569 1334 2644 medietate
1348 2595 1410 2668 pro
1425 2579 1572 2670 portione
1587 2603 1660 2654 mea

239 2693 272 2754 et
302 2701 362 2752 ros
384 2679 571 2752 memoratis
595 2679 757 2772 germanis
778 2679 917 2774 pertinet
947 2681 1065 2758 exindo
1094 2685 1264 2764 medietate
1291 2715 1352 2788 pro
1382 2699 1531 2791 portione
1557 2715 1663 2777 reema

241 2811 283 2882 de
306 2829 371 2903 qna
391 2805 497 2900 tetigit
519 2804 555 2876 in
577 2803 637 2878 ista
660 2804 808 2900 portione
830 2805 936 2900 prima
1222 2817 1307 2891 idest
1328 2824 1495 2897 mxunoias
1517 2827 1558 2900 de
1581 2831 1662 2902 inn-

242 2935 320 3006 dnm
342 2941 489 3004 nostrum
511 2931 651 3026 positum
667 2927 703 2999 in
717 2938 897 3002 memorato
920 2929 993 3003 loeo
1006 2932 1115 3010 iannia
1128 2935 1192 3008 hoe
1205 2949 1254 3012 est
1269 2964 1289 3011 a
1304 2953 1398 3036 parte
1418 2947 1549 3022 orientis
1570 2952 1661 3024 iuxta

240 3061 377 3134 tandum
400 3054 623 3132 theodonanda
645 3053 766 3128 coniux
792 3077 865 3129 mea
888 3079 952 3134 una
975 3081 1052 3132 cnm
1082 3061 1213 3150 duleum
1236 3068 1294 3161 qni
1318 3079 1365 3142 eat
1386 3071 1421 3144 in
1445 3089 1660 3153 memoratum

239 3185 377 3257 nandum
400 3181 509 3254 hunde
531 3179 655 3273 reliqua
679 3177 787 3275 portio
809 3201 851 3253 ox
874 3182 982 3277 ipsum
1009 3183 1146 3260 matam
1168 3187 1232 3262 hoe
1255 3202 1304 3265 est
1327 3220 1347 3268 a
1369 3209 1459 3291 parte
1487 3203 1660 3278 oeoidemis

237 3311 328 3384 iuxta
350 3310 488 3380 tandum
512 3304 646 3378 haeder
668 3306 792 3380 domini
807 3307 924 3382 marini
938 3333 1003 3384 nna
1019 3333 1096 3384 oum
1111 3315 1309 3410 paimontum
1324 3321 1495 3398 frabritnm
1510 3351 1586 3402 oum
1601 3355 1653 3404 sn-

236 3432 408 3507 seetorinm
430 3451 528 3504 soom
549 3427 656 3523 tetigit
678 3429 713 3502 in
734 3429 883 3526 portione
906 3433 1045 3507 manda
1067 3445 1100 3507 et
1122 3447 1171 3511 est
1193 3453 1409 3516 memoratum
1439 3449 1575 3522 aarum
1598 3477 1657 3546 per

236 3565 414 3637 trabersnm
438 3560 579 3635 dibisnm
603 3569 635 3633 et
658 3561 746 3634 omni
770 3568 916 3658 tempore
938 3565 1033 3638 ambe
1055 3569 1211 3663 portionis
1226 3573 1267 3646 de
1281 3587 1496 3650 memoratum
1520 3583 1655 3657 modom

236 3691 275 3760 de
289 3685 457 3758 latitudine
471 3693 505 3755 et
518 3683 559 3754 de
573 3683 775 3776 longitudine
789 3685 829 3757 ad
844 3685 959 3782 eqnaie
975 3711 1145 3766 mensurae
1168 3715 1226 3768 sen
1241 3697 1348 3792 tetigit
1362 3698 1416 3771 hio
1430 3701 1465 3772 in
1480 3717 1655 3778 memorata

232 3813 380 3907 portione
411 3810 516 3904 prima
549 3817 582 3879 et
615 3809 650 3878 in
673 3809 796 3904 integra
819 3820 907 3884 terra
928 3813 988 3910 qni
1010 3825 1058 3887 est
1080 3817 1136 3891 illo
1159 3827 1250 3895 ouria
1274 3821 1316 3894 de
1339 3826 1442 3898 casale
1465 3827 1500 3897 in
1524 3851 1655 3901 memo·

232 3947 359 4010 morato
380 3933 454 4006 loeo
477 3931 700 4026 carpinianum
721 3941 755 4004 et
777 3943 825 4006 est
847 3935 941 4008 insta
965 3943 1051 4012 terra
1072 3937 1230 4016 heredum
1260 3945 1386 4022 domini
1407 3949 1514 4025 sillieti
1542 3957 1654 4030 onriafi

234 4075 266 4136 et
289 4064 330 4134 de
353 4059 418 4132 alio
441 4057 540 4129 latere
563 4067 611 4128 est
634 4058 804 4131 ooninnota
826 4081 904 4134 enm
926 4071 1012 4136 terra
1026 4065 1148 4141 domini
1163 4067 1310 4144 iohannis
1327 4072 1394 4146 filio
1409 4081 1573 4174 quondam
1589 4085 1654 4156 oo-

231 4188 311 4262 mini
334 4184 456 4279 sergii:
482 4197 648 4278 quamque
669 4183 774 4280 tetigit
796 4183 851 4258 hie
873 4186 908 4261 in
930 4199 1108 4267 memorata
1129 4196 1278 4291 portione
1300 4207 1334 4272 et
1356 4206 1524 4282 sexunoias
1540 4207 1580 4282 de
1595 4211 1653 4282 in-

230 4324 320 4405 tegra
343 4319 427 4380 terra
451 4313 559 4378 nostra
582 4329 647 4401 qne
671 4308 857 4382 nominatur
879 4319 965 4385 terra
987 4311 1106 4412 longua
1121 4320 1225 4414 posita
1240 4323 1274 4394 in
1288 4337 1469 4401 memorato
1485 4330 1557 4404 loeo
1573 4357 1651 4406 oar.

156 4423 162 4434 ¹
229 4439 394 4533 pinianum
417 4431 480 4503 hoe
503 4441 552 4502 est
575 4455 593 4501 a
617 4441 706 4526 parte
728 4433 905 4509 meridiana
928 4435 1020 4511 iuxta
1043 4448 1128 4514 terra
1152 4443 1308 4522 heredum
1323 4451 1446 4526 domini
1462 4459 1574 4532 cesarii
1591 4485 1650 4532 sa-

230 4569 352 4642 raeini:
377 4565 461 4638 unde
485 4564 611 4658 reliqna
633 4564 740 4657 portio
763 4587 806 4636 ex
829 4564 898 4658 ipsa
922 4575 1007 4638 terra
1029 4567 1092 4642 hoe
1115 4583 1163 4644 est
1180 4599 1199 4644 a
1214 4585 1304 4668 parte
1318 4585 1542 4674 septentrionis
1557 4588 1647 4659 iuxta

227 4701 278 4769 bia
303 4691 429 4790 publiea
451 4693 509 4784 qni
532 4689 637 4784 pergit
660 4713 678 4759 a
703 4689 818 4783 liguris
841 4691 946 4784 tetigit
967 4691 1003 4764 in
1026 4697 1173 4788 portione
1197 4703 1334 4775 monada
1349 4715 1383 4776 et
1399 4717 1447 4780 est
1470 4721 1646 4782 memorata

226 4841 311 4898 terra
334 4841 392 4916 per
416 4817 594 4888 trabersum
617 4815 716 4886 dibisa
741 4829 773 4890 et
796 4841 893 4892 exere
917 4819 1033 4892 debeas
1057 4823 1146 4894 omni
1163 4835 1308 4919 tempore
1324 4830 1416 4902 ambe
1431 4833 1588 4924 portionis
1604 4835 1645 4910 de

184 5022 191 5036 ι
229 4945 428 5043 longitndine
451 4951 484 5014 et
507 4941 548 5013 de
571 4939 738 5013 latitudine
761 4943 801 5014 ad
825 4943 940 5037 equale
971 4965 1121 5016 mensura
1148 4968 1206 5019 sen
1232 4951 1336 5042 tetigit
1358 4953 1393 5024 in
1418 4954 1477 5026 ista
1500 4959 1647 5050 portione
