4876 6520
1400 651 1418 743 i
1442 660 1486 722 2⁰
1511 651 1527 745 )
2166 743 2169 748 .

755 815 878 914 pariete
900 813 946 886 si
972 808 1021 882 iiii
1048 807 1202 906 gronisffi
1232 807 1305 880 Uns
1327 827 1410 880 cum·
1432 789 1599 882 uxoribus
1623 813 1657 880 ct
1686 805 1761 880 filiis
1789 805 1916 882 filiabus
1939 810 2054 900 nuruis
2078 823 2177 910 utque

755 939 927 1038 nepotibus
949 939 1096 1035 ipsorum
1118 943 1153 1010 ct
1175 933 1408 1010 comitiorum
1432 934 1587 1008 funciones
1609 941 1643 1008 et
1665 931 1760 1038 torris
1783 934 1960 1030 etccspite
1985 945 2019 1008 et
2041 952 2180 1024 consum

759 1079 792 1144 et
814 1069 937 1165 regulis
959 1077 993 1140 ct
1014 1067 1132 1141 salutes
1154 1075 1295 1142 etcum.
1319 1087 1455 1140 omnem
1474 1062 1608 1135 illosum
1634 1071 1784 1158 puratum
1805 1070 1839 1134 ct
1862 1063 2123 1160 quenqucsituns
2141 1077 2177 1139 ct

756 1221 833 1274 cum
856 1197 1005 1272 omuibus
1028 1195 1243 1270 utisocntibus¹
1258 1201 1292 1264 et
1312 1184 1551 1287 pcrtinentibus
1567 1192 1625 1264 cis.
1654 1198 1688 1262 ct
1710 1213 1751 1263 eo
1775 1191 1865 1288 quod
1886 1217 1906 1263 u
1930 1199 2008 1264 tuuc
2029 1215 2089 1289 per
2113 1217 2178 1270 ns-

758 1325 950 1421 gIcgcutism
974 1324 1015 1396 de
1037 1323 1090 1394 dis
1111 1321 1152 1392 iu
1169 1319 1222 1393 (iic
1236 1315 1371 1390 minime
1385 1319 1503 1391 exinde
1521 1318 1606 1390 inter
1620 1315 1715 1389 nobis
1727 1315 1889 1412 scptiouis·
1905 1307 2050 1402 fecimus.
2073 1321 2169 1394 Nunc

758 1455 873 1525 sutem.
889 1446 1132 1522 constrinxistis
1145 1453 1183 1518 tu
1204 1465 1266 1518 nos
1288 1447 1346 1518 Usi
1363 1445 1481 1519 cundo
1503 1445 1594 1518 inter
1607 1444 1700 1516 nobis
1717 1445 1872 1539 septimis
1887 1446 2066 1518 faceremus
2082 1449 2173 1522 ffic-

758 1579 852 1654 kirco
873 1597 933 1650 nos
955 1583 1143 1648 memorato
1158 1574 1274 1668 sergio
1289 1581 1322 1645 et
1342 1571 1567 1668 prenominata
1590 1573 1720 1646 eufimia
1744 1583 1777 1648 et
1800 1573 1964 1645 iamdicto·
1980 1585 2072 1668 petro
2096 1577 2173 1648 disp

760 1725 844 1776 cono
866 1701 1029 1796 germanis
1048 1699 1115 1773 boc
1136 1708 1187 1771 cst
1206 1699 1286 1771 thio.
1302 1703 1335 1770 ct
1348 1711 1481 1792 ncpotcs
1499 1709 1755 1793 cgomcmoruts
1769 1697 1900 1770 eufimia
1919 1721 2003 1770 cum·
2014 1671 2178 1774 voluntate

639 1829 644 1836 ’
759 1828 908 1926 presenti
924 1824 1099 1900 memorati
1119 1825 1243 1900 domini
1273 1821 1407 1896 iobsnui
1437 1825 1502 1896 viri
1530 1825 1610 1898 mci.
1644 1823 1879 1895 Confirmsmus
1913 1823 1972 1894 tibi
1996 1835 2176 1899 nemoroso

761 1957 894 2032 domino
927 1955 1057 2026 cesario
1083 1975 1238 2050 germano
1264 1961 1298 2025 ct
1325 1953 1396 2024 thio
1424 1963 1538 2025 nostro
1559 1976 1620 2024 unc
1643 1954 1788 2025 chartula
1812 1964 1850 2026 ut
1873 1955 2007 2026 inferius
2031 1955 2168 2049 iegitur.

761 2087 807 2159 Ut
828 2091 1007 2160 memorato
1029 2083 1165 2155 iobsnni
1184 2090 1218 2156 ct
1239 2081 1468 2178 pronominato
1486 2081 1592 2154 cicino
1615 2081 1796 2176 hospitibus
1815 2083 1935 2154 nostris
1951 2082 2013 2154 boc
2031 2093 2079 2155 cst
2095 2107 2179 2155 ens-

761 2209 852 2282 dcliis
874 2210 914 2282 dc
937 2215 1114 2282 memorato
1137 2209 1211 2281 loco
1233 2209 1356 2302 pnrictc
1378 2207 1424 2278 sd
1442 2207 1491 2278 illi
1513 2207 1667 2301 grauiarii
1692 2231 1757 2280 um
1779 2229 1855 2280 cum
1878 2207 2035 2280 uxoribus
2053 2207 2176 2282 etfiiiis

764 2333 892 2409 filiabus
917 2334 1031 2408 nuruis
1056 2341 1154 2431 utque
1181 2335 1354 2430 nepotibus
1375 2332 1523 2429 ipsorum
1547 2357 1624 2406 cum
1649 2333 1780 2407 illorum
1804 2333 1967 2406 iunioras
1981 2345 2016 2408 et
2034 2337 2128 2408 torris
2148 2345 2181 2408 et

765 2463 882 2558 cuspite
910 2469 943 2532 et
967 2481 1102 2538 consum
1127 2470 1161 2533 st
1186 2461 1308 2556 regulis
1335 2469 1370 2534 ct
1395 2461 1514 2535 sclutcs
1543 2471 1576 2534 et
1604 2485 1686 2534 cum·
1708 2483 1839 2534 omnem
1867 2461 2008 2535 illorum
2028 2475 2183 2557 psmtnns

764 2598 799 2662 et
823 2585 1076 2686 quenquesitum
1103 2597 1137 2660 ct
1158 2611 1237 2660 cum.
1259 2585 1410 2660 omnibus
1436 2589 1645 2663 obiacentibus
1669 2597 1702 2662 st
1723 2590 1956 2693 monentibus
1980 2593 2037 2664 cis.
2065 2595 2100 2666 iu
2122 2605 2186 2666 tm·

763 2715 893 2810 tuisqus
920 2715 1061 2810 propriis
1081 2714 1258 2788 herodibus
1275 2713 1317 2786 sit
1342 2721 1498 2810 potestate
1520 2739 1651 2812 queque
1677 2717 1793 2792 exinde
1817 2721 1923 2792 fscese
1949 2719 2126 2792 volueritis.
2159 2747 2186 2792 s

766 2841 860 2914 nobis
885 2849 999 2912 autem
1017 2839 1079 2914 voi
1095 2839 1237 2934 propriis
1262 2839 1434 2914 bcrcdibus
1461 2865 1530 2914 nec
1546 2867 1573 2914 s·
1595 2843 1688 2916 nobis
1715 2845 1860 2940 personis
1885 2847 2063 2922 summissis
2088 2847 2188 2922 nullo

769 2979 914 3065 ternpore
937 2989 1122 3066 numquons
1140 2975 1181 3042 tu
1204 2976 1392 3042 memorato
1412 2968 1558 3042 iomino·
1574 2971 1697 3042 cesario
1729 2993 1893 3067 germano
1912 2985 1947 3046 ot
1971 2974 2042 3046 tbio
2070 2985 2187 3047 nostro

771 3105 828 3168 sut
850 3096 990 3191 propriis
1014 3096 1080 3170 tuis
1106 3093 1292 3168 herodibus.
1315 3093 1436 3166 aboatis
1461 3095 1577 3168 exindo
1591 3099 2093 3194 quocumque-requisitionesut
2109 3126 2182 3174 mo·

768 3221 859 3296 lestis
880 3242 938 3315 pcc
964 3221 1091 3297 nullum
1114 3223 1255 3295 modum·
1269 3243 1333 3293 nce
1348 3241 1407 3316 per
1429 3219 1607 3292 summissis
1630 3221 1773 3318 personis
1798 3223 2060 3319 inperpetuum.
2087 3227 2185 3300 Unde

772 3346 936 3442 reliquum
968 3345 1150 3420 bomnsssus·
1165 3347 1360 3420 memoratis
1380 3345 1487 3444 tetigit
1516 3371 1575 3420 nos
1602 3360 1781 3420 memorato
1808 3350 1880 3422 thio
1910 3362 1942 3422 ct
1967 3363 2111 3445 nepotos.
2147 3361 2181 3422 as

770 3477 915 3572 singulis,
933 3478 1095 3573 quomam
1119 3501 1216 3572 mprs
1240 3475 1358 3572 legitur
1380 3476 1570 3570 dispositum
1594 3479 1964 3573 memoratisiuguiibus
1980 3479 2186 3573 genitoribus

768 3625 827 3680 seu
854 3604 934 3678 sbiis
958 3608 1076 3677 nuos
1098 3613 1142 3678 ut
1158 3605 1300 3677 continet
1323 3605 1366 3676 sit
1387 3607 1531 3678 firmum.
1558 3607 1593 3678 Si
1617 3613 1732 3681 eutem·
1745 3607 1837 3678 aliter
1861 3607 2032 3680 cosumus
2055 3618 2087 3677 ct
2111 3607 2180 3679 mi-

768 3729 856 3804 nime
878 3730 1221 3828 stinplcbsrimnsnos
1241 3731 1303 3804 sci
1320 3729 1468 3826 propriis
1485 3732 1602 3804 nestris
1625 3729 1806 3806 heredibus
1820 3731 1915 3804 ‹io-is
1939 3731 2186 3806 omnibusne-

767 3859 900 3931 morntis
926 3879 987 3953 per
1011 3859 1128 3956 quobis
1155 3862 1287 3933 modum
1317 3869 1381 3932 sut·
1397 3860 1575 3933 summissis
1604 3862 1748 3956 personis
1772 3859 2097 3954 tunccomponimus
2124 3855 2184 3930 tibi

769 3983 907 4080 tuisque
930 3986 1058 4081 propris
1081 3985 1253 4062 herodibus
1276 3988 1348 4060 suri
1373 3985 1493 4061 solidos
1513 3985 1723 4084 quadraginta
1744 3985 1946 4080 bythiantcos
1963 3995 1996 4054 ct
2018 4005 2055 4056 cc
2077 3983 2181 4055 cbar-

773 4119 843 4190 tuis
867 4112 1128 4190 confirmationis.
1157 4123 1196 4189 ut
1224 4133 1321 4206 super
1347 4112 1465 4207 legitur
1495 4113 1537 4182 sit
1563 4113 1657 4186 firma
1689 4115 1817 4205 scriptu
1834 4133 1895 4204 pcc
1918 4132 2051 4181 menum
2081 4109 2183 4204 sergii

772 4243 899 4316 curioiis
922 4241 1060 4316 scribere
1086 4251 1222 4334 regatus
1242 4263 1314 4334 per·
1327 4239 1514 4312 indictione·
1529 4245 1707 4308 memoratu
1732 4233 2186 4330 (i'ecimn†bocsiguu1u†

771 4389 885 4440 mansu
908 4373 1085 4439 memorate
1112 4363 1345 4437 submissum
1370 4363 1547 4434 volumtate
1572 4360 1743 4432 memorati
1767 4359 1899 4432 iohanni
1922 4361 1986 4432 viri
2014 4359 2066 4432 sui
2094 4359 2185 4454 quoti

771 4514 833 4586 ego
859 4491 925 4588 qui
939 4499 1135 4564 memoratos
1159 4513 1220 4585 pro
1246 4489 1304 4560 cis
1318 4489 1491 4584 subscripsi
1507 4491 1547 4588 †'

865 4615 896 4714 †
922 4640 994 4713 egos
1009 4625 1131 4712 petnrs
1144 4615 1300 4687 somnus
1326 4625 1437 4688 sancto
1462 4613 1662 4710 neopolitano
1685 4615 1820 4688 occissis
1844 4613 2019 4706 subcripsi
2034 4612 2074 4708 ³5·

867 4740 898 4839 ᾖ
922 4765 985 4837 ego
1010 4741 1138 4834 sergius
1161 4739 1336 4835 subscripsi
1360 4737 1400 4834 †

864 4877 904 4942 ot.
920 4893 960 4941 oc
993 4866 1174 4939 memorati.
1200 4889 1313 4938 suiuus
1346 4867 1407 4940 sub
1432 4867 1578 4940 manibus
1604 4869 1722 4939 nostris
1747 4867 1928 4940 memorati
1942 4869 2024 4962 petri
2055 4867 2184 4938 diaconi

779 5003 811 5067 ct
836 4993 933 5088 sergii
956 4991 1111 5087 scriptum
1136 4989 1213 5087 quis
1230 4991 1335 5087 tetigit
1347 5013 1400 5064 mc
1424 4999 1602 5063 memorato
1625 4991 1732 5084 sergio
1755 5011 1910 5086 germano
1934 4999 1967 5062 et
1990 4989 2059 5063 tbio
2075 5001 2184 5063 vestro
