4876 6520
372 1189 457 1286 †ln
469 1187 604 1262 nomine
619 1185 745 1260 domini
760 1185 813 1258 dei
827 1185 996 1259 sairatoris
1009 1185 1113 1256 nostri
1125 1184 1221 1258 lhesu
1242 1183 1363 1258 Christi
1378 1187 1560 1282 imperante
1579 1185 1711 1259 domino
1782 1209 1834 1258 au.

278 1329 393 1394 nostro
417 1316 533 1388 besilio
547 1337 667 1410 magne
681 1315 878 1409 Imperatore
895 1335 979 1383 anno
995 1314 1148 1384 vicesimo
1163 1317 1294 1386 smerde
1310 1317 1362 1388 sed
1377 1331 1407 1388 et
1422 1318 1622 1390 constantino
1637 1341 1709 1390 nra·
1757 1323 1845 1386 ¹982.

284 1466 353 1539 gne
366 1442 561 1535 imperatore
572 1440 674 1511 trater
689 1436 761 1511 eiur
776 1459 876 1508 enno:
894 1415 1108 1508 nonodecime‘
1115 1483 1291 1508 ........
1312 1441 1708 1518 .ηιιηείε[οὴωοιὶἱίηάἰ·

287 1571 396 1644 otione
409 1567 533 1642 decime
544 1565 672 1662 neapoli
684 1591 693 1638 :
706 1565 842 1638 Certum
858 1569 906 1637 est
921 1585 968 1634 me
984 1564 1131 1656 :tephano
1144 1567 1282 1658 [errario
1295 1567 1402 1640 titium
1418 1568 1582 1662 quondam
1592 1571 1710 1644 andrea

289 1695 444 1769 terrario:
461 1692 644 1788 hpreseuti
655 1691 729 1762 die:
744 1689 982 1784 promptissima
994 1689 1151 1762 volontate
1165 1691 1348 1762 venundedi
1365 1699 1398 1762 et
1412 1693 1528 1766 tradidi
1542 1693 1635 1767 vohis
1648 1695 1708 1768 do-

288 1824 380 1898 mino
396 1819 552 1916 stephano
573 1817 734 1892 monacho
757 1817 860 1888 filium
876 1817 1040 1911 quondam
1046 1861 1343 1892 ·············
1349 1819 1483 1892 honesta
1504 1821 1623 1894 femine
1647 1821 1711 1894 hoe

287 1955 335 2020 est
351 1947 499 2045 iugales:
519 1945 603 2018 idest
617 1967 683 2018 uns
698 1944 785 2039 petia
799 1944 840 2015 do
857 1951 942 2016 terra
947 1993 1150 2018 .........
1160 2011 1163 2018 ,
1164 1989 1293 2016 ······
1300 1942 1424 2038 pictulu
1443 1943 1566 2038 positu:
1583 1950 1618 2019 in
1634 1949 1706 2032 loeo

286 2071 347 2169 qui
380 2072 568 2174 nominetur
596 2070 752 2142 iannule:
785 2053 851 2142 una
873 2091 950 2142 oum
974 2067 1141 2142 interitum
1176 2077 1329 2142 suomet
1355 2067 1507 2140 omuibus
1530 2068 1592 2140 sivi
1621 2091 1703 2164 per-

153 2275 157 2286 ,
282 2199 484 2274 tinentibuo:
511 2208 545 2272 et
567 2198 699 2274 ooheret
713 2197 776 2271 sivi
792 2197 834 2268 ab
849 2220 917 2268 uno
940 2197 1039 2269 latere
1055 2204 1140 2268 terra
1156 2205 1287 2270 vestre:
1312 2205 1345 2269 et
1359 2197 1400 2268 oh
1415 2195 1480 2270 atio
1494 2196 1593 2304 lutere
1616 2206 1703 2270 terra

283 2325 382 2422 sergii
404 2325 540 2399 terrario
562 2326 673 2421 nepoti
695 2347 792 2398 meo:
810 2324 851 2395 ab
873 2345 942 2398 uno
964 2321 1091 2416 ehepite
1113 2323 1235 2398 extiud
1255 2323 1387 2418 egu‘pus
1409 2330 1443 2395 et
1464 2323 1578 2398 subtus
1592 2323 1709 2420 'ipsum

286 2451 438 2547 egripum
462 2459 510 2524 est
532 2459 618 2524 terra
641 2473 714 2524 meu
736 2449 907 2522 memorati
930 2448 1077 2542 stephani
1098 2449 1225 2520 terrarii
1248 2469 1314 2541 que
1329 2448 1452 2523 inmea
1467 2448 1629 2521 resorberi
1644 2471 1713 2545 po-

288 2585 456 2648 testatem:
477 2575 517 2646 eh
529 2575 594 2646 alio
609 2574 737 2668 chapite
751 2573 884 2646 coheret
898 2581 984 2642 terre
1000 2593 1065 2665 que
1080 2571 1201 2641 detinet
1214 2571 1309 2642 leone
1331 2571 1469 2644 terrario
1490 2575 1602 2670 nepoti
1616 2598 1708 2651 meo:

166 2767 173 2776 ,
290 2697 384 2770 Unde
406 2695 489 2770 nihil
512 2695 595 2768 mihi
619 2697 737 2768 exinde
760 2695 848 2766 intus
870 2671 955 2788 ipsus
978 2692 1178 2766 coherentia:
1206 2693 1339 2789 aliquod
1364 2698 1540 2770 remansit:
1574 2708 1631 2774 aut
1652 2723 1714 2776 ro-

198 2825 201 2834 ’
289 2822 420 2896 eerhuui
443 2844 503 2894 nee
519 2822 555 2892 in
569 2821 673 2893 aliena
687 2821 844 2916 cuiusque
860 2842 996 2916 persona
1012 2821 1101 2917 quod
1116 2821 1199 2916 apeit
1213 2821 1376 2894 commisit
1389 2832 1446 2896 eut
1459 2823 1525 2900 iau
1539 2828 1713 2904 commiste

292 2958 505 3048 potestatem:
532 2957 581 3022 set
603 2976 623 3020 a
645 2949 785 3044 presenti
808 2947 885 3020 die:
911 2955 945 3018 et
967 2944 1150 3043 deinceps:
1166 2973 1220 3024 me
1242 2948 1336 3022 vohis
1358 2953 1544 3028 memoratis
1566 2955 1711 3050 iugales:

287 3079 331 3151 sit
354 3079 585 3151 venumdatum
609 3084 643 3148 et
665 3075 821 3149 traditum
844 3073 879 3146 in
893 3082 1015 3147 vestrm
1040 3075 1220 3172 vestrisque
1241 3075 1419 3152 heredibus
1434 3079 1476 3151 eit
1497 3089 1711 3174 potestatem:

288 3205 446 3302 quidquid
470 3205 586 3276 exinde
609 3205 714 3274 secere
737 3201 926 3274 volueritis:
952 3211 985 3276 et
1007 3225 1114 3298 neque
1138 3228 1157 3274 a
1181 3225 1235 3276 me
1257 3216 1437 3280 memorato
1459 3209 1615 3304 stephano
1640 3213 1713 3288 fex-

288 3330 376 3404 rario
399 3351 505 3423 neque
529 3353 549 3399 a
572 3327 652 3398 meis
676 3323 870 3398 heredibus:
895 3349 955 3398 neo
978 3351 998 3399 a
1021 3324 1114 3398 nobis
1137 3327 1303 3422 personis:
1320 3332 1498 3430 summissis
1519 3333 1610 3410 nullo
1623 3343 1714 3408 tenr-

289 3481 369 3555 pore
401 3477 564 3550 nucquem
596 3477 656 3526 vos
687 3453 874 3526 memoretis
904 3453 1031 3549 iugales
1054 3463 1112 3526 aut
1136 3456 1250 3529 vestris
1284 3455 1483 3532 heredibus:
1519 3463 1609 3558 quod
1632 3461 1714 3558 apeit

290 3583 411 3656 aveatis
433 3579 550 3652 exinde
573 3599 781 3674 quacumque
803 3575 1049 3672 requisitionem
1065 3580 1282 3653 eutmolestia
1297 3607 1318 3654 ι
1333 3592 1467 3658 nuncet
1482 3584 1517 3656 in
1531 3587 1711 3681 perpetuis:

292 3706 507 3804 temporibus:
532 3703 665 3798 iusuper
687 3711 721 3774 et
745 3702 786 3773 eh
808 3703 898 3774 omni
920 3703 1054 3776 homine
1078 3707 1233 3803 omnique
1256 3732 1422 3804 persona:
1448 3713 1538 3784 omni
1567 3722 1714 3809 ternpore

275 3821 350 3906 ¹seu
374 3841 408 3903 et
431 3831 472 3902 da
494 3850 598 3898 uxore
621 3849 694 3900 mea
710 3835 743 3898 et
757 3825 798 3897 da
814 3825 945 3898 illorum
966 3827 1158 3902 heredibus:
1184 3833 1273 3904 omni
1297 3841 1442 3928 tempore
1465 3835 1538 3908 illos
1552 3837 1588 3910 in
1602 3839 1714 3910 omni-

291 3963 353 4034 bus
377 3965 534 4032 antestare
558 3963 590 4028 et
613 3953 778 4024 defensare
800 3953 998 4030 deveemns:
1024 3962 1269 4052 propterquod
1300 3963 1410 4055 aeeepi
1434 3988 1453 4034 a
1476 3962 1570 4038 bovis
1597 3965 1715 4040 exinde

292 4089 373 4161 idest
396 4082 468 4156 euri
491 4081 552 4152 tari
577 4087 698 4174 septem
720 4078 804 4150 deut
824 4077 910 4150 inter
931 4078 1026 4152 novis
1049 4079 1229 4152 eomhenit:
1255 4081 1386 4180 insuper
1408 4085 1528 4180 placuit
1544 4089 1626 4162 mihi
1640 4115 1714 4168 me-

291 4222 421 4288 morato
443 4209 600 4306 stephano
622 4206 781 4280 ferrario:
806 4197 851 4282 ut'
865 4207 894 4278 si
917 4207 987 4304 ipse
1009 4207 1122 4281 conius
1153 4231 1226 4284 rnea
1249 4220 1307 4286 eut
1330 4213 1397 4287 suis
1420 4215 1619 4292 heredibus:
1654 4243 1713 4295 voe

292 4351 349 4414 eut
370 4336 544 4412 heredibus
566 4333 700 4407 restris:
727 4331 1020 4438 exinde'quesiepit
1041 4342 1075 4406 et
1096 4333 1189 4406 vohis
1212 4335 1329 4410 exinde
1361 4339 1497 4412 vincerit
1520 4341 1605 4414 clera
1628 4346 1713 4420 taeta

292 4466 477 4539 veritatem:
494 4471 572 4532 tune
587 4465 745 4554 quantum
759 4476 819 4526 vos
834 4455 950 4529 exinde
964 4457 1167 4551 perdideritis
1190 4459 1317 4534 lieentia
1336 4471 1369 4534 et
1384 4473 1573 4557 potestatem
1590 4471 1712 4541 aveatis

293 4617 353 4668 vos
374 4601 431 4666 aut
451 4587 623 4663 heredibus
645 4583 760 4658 vestris
782 4584 989 4678 etpreendero
1006 4591 1039 4657 et
1052 4595 1231 4658 restaurare
1255 4587 1291 4660 in
1314 4589 1423 4662 omnia
1448 4613 1520 4664 mea
1543 4591 1710 4665 heredita·

295 4729 327 4792 te
350 4739 407 4790 seu
433 4711 540 4788 substa
564 4712 604 4784 de
631 4710 719 4780 intus
750 4715 783 4778 et
813 4708 892 4780 toris
923 4717 956 4778 et
985 4692 1156 4782 habentem
1186 4723 1345 4805 quantum
1370 4715 1488 4788 exinde
1513 4714 1716 4810 perdideritis

295 4843 379 4916 olera
413 4841 495 4911 teeti
527 4834 715 4907 veritatem:
742 4839 775 4902 et
796 4831 889 4905 illum
919 4833 1008 4929 quod
1036 4835 1270 4928 atpreenseritis
1293 4845 1328 4907 ut
1349 4837 1521 4910 balientem
1553 4850 1713 4934 quantum

293 4969 409 5046 exinde
431 4961 633 5064 perdideritis
647 4969 686 5032 ut
699 4981 796 5056 super
818 4959 937 5054 legitur
960 4970 1038 5034 tune
1053 4985 1116 5056 ege
1132 4971 1165 5035 et
1187 4961 1360 5039 heredibus
1383 4965 1464 5042 meis
1479 4965 1551 5038 idos
1569 4967 1609 5040 eb
1625 4973 1714 5046 omni

539 5091 606 5163 Vel.
633 5089 701 5164 111.
1364 5101 1385 5163 ³
