4906 6520
1305 619 1307 624 ·
1418 621 1562 719 (tta)

1414 905 1577 978 dcxtttt.

596 1219 599 1226 .
651 1181 702 1229 aa.
782 1201 790 1218 ·
862 1163 943 1258 †ln
958 1163 1089 1236 nomine
1105 1160 1230 1232 domini
1244 1159 1297 1232 dei
1310 1157 1481 1230 salvatoris
1492 1153 1597 1227 nostri
1609 1152 1705 1224 lbetu
1727 1149 1848 1224 Christi
1862 1153 2045 1246 Imperante
2059 1154 2193 1228 domino

581 1289 584 1296 ’
628 1292 718 1355 996.
772 1301 883 1364 nostro
907 1289 1019 1360 basilio
1042 1309 1160 1379 magno
1183 1289 1380 1379 Imperatore
1397 1305 1482 1354 anno
1497 1281 1676 1352 tricesimo:
1696 1279 1848 1373 septimo:
1868 1279 1973 1351 sedet
1989 1283 2194 1352 constantino
2222 1359 2235 1366 ,

772 1418 870 1486 trater
897 1415 968 1484 eius
998 1432 1115 1504 magno
1148 1411 1351 1501 Mperatore
1374 1429 1458 1477 anno
1484 1404 1778 1500 tricesimoquarto:
1803 1403 1855 1475 die
1879 1404 2108 1474 panamensis
2132 1428 2189 1478 se-

773 1537 924 1634 ptembrii
946 1535 1120 1608 indictione
1143 1527 1268 1606 decima
1298 1530 1454 1626 neapoli:
1488 1529 1622 1603 Certum
1650 1539 1698 1601 est
1721 1553 1774 1602 me
1797 1529 1938 1600 iohanne
1960 1530 2097 1600 ferrario
2124 1531 2191 1600 lilio

773 1665 941 1760 quondam
960 1663 1045 1732 leoni
1069 1661 1197 1732 fenarii
1220 1683 1282 1730 una
1306 1681 1382 1730 cum
1404 1679 1595 1730 consensum
1619 1657 1723 1728 maria
1737 1657 1874 1749 coniuge
1889 1679 1981 1728 mea:
2008 1657 2194 1750 Apresenti

729 1877 735 1890 ι
775 1794 827 1862 die
852 1790 1063 1884 promtissima
1088 1788 1286 1881 voluptatem
1311 1785 1508 1857 eommutabi
1539 1793 1572 1856 et
1599 1784 1718 1856 tradidi
1740 1783 1800 1854 tibi
1822 1783 1915 1854 leone
1937 1783 2075 1854 terrario
2098 1806 2188 1853 exsa-

778 1916 862 1986 delio
886 1898 1041 2005 germano
1065 1933 1138 1982 meo
1160 1911 1229 1982 filio
1252 1909 1416 2004 quondam
1443 1908 1586 2004 gregem
1614 1907 1740 1980 ferrarii
1763 1914 1796 1977 et
1818 1906 1955 2003 quidem
1975 1907 2089 1978 sillieta
2114 1929 2189 1976 mo-

776 2038 879 2108 nacha
902 2038 1061 2130 iugalibus
1084 2037 1161 2107 thiis
1184 2037 1263 2108 meis
1278 2043 1314 2108 tu
1330 2059 1405 2107 cum
1419 2037 1565 2108 donsemi
1579 2035 1667 2130 pitru
1683 2035 1823 2128 coniuge
1838 2041 1914 2106 tua:
1937 2035 2021 2104 ldest
2043 2057 2084 2106 ex
2101 2043 2191 2126 parte

648 2231 652 2246 ,
777 2164 817 2232 de
842 2162 1002 2232 solareum
1024 2182 1133 2230 meum
1157 2163 1216 2254 qai
1240 2168 1406 2252 estsuper
1429 2159 1586 2230 inferiora
1604 2157 1735 2230 cellarei
1764 2157 1829 2226 mei
1852 2165 1953 2227 otest
1980 2157 2064 2226 insta
2097 2157 2193 2227 sola-

778 2309 869 2356 reum
896 2297 989 2356 tuum
1012 2285 1139 2378 quiibi
1164 2293 1212 2354 est
1235 2293 1367 2376 aparte
1397 2255 1593 2356 hoccidente
1616 2282 1711 2353 sicuti
1740 2283 1825 2352 inter
1856 2303 1890 2352 se
1918 2281 2040 2375 signate
2071 2281 2192 2351 exfinat

778 2419 810 2481 et
832 2435 851 2479 a
875 2419 966 2503 parte
988 2409 1143 2480 horientis
1167 2421 1215 2480 est
1238 2411 1366 2506 reliquo
1390 2433 1433 2480 ex
1455 2411 1565 2503 ipsum
1586 2409 1746 2480 solareum
1770 2429 1959 2502 meumque
1983 2407 2018 2478 in
2042 2429 2114 2478 mea
2139 2431 2194 2475 re-

778 2515 903 2605 serbabi
923 2541 1115 2628 potestatem
1137 2505 1233 2606 sicuti
1256 2537 1340 2609 inter
1363 2559 1398 2608 se
1421 2537 1500 2606 duas
1523 2537 1661 2629 signatas
1685 2535 1805 2606 exfinat
1828 2556 1893 2604 una
1917 2533 2042 2628 signata
2066 2534 2123 2627 qui
2146 2543 2198 2603 est

672 2733 675 2738 .
780 2666 863 2734 laeta
891 2662 926 2730 in
960 2663 1114 2756 parietem
1146 2673 1293 2732 nostrum
1326 2662 1382 2755 qui
1417 2661 1461 2731 ibi
1491 2672 1538 2731 est
1569 2669 1703 2753 aparte·
1722 2659 1959 2750 septemtrionis
1983 2668 2017 2728 et
2039 2658 2196 2730 tirenum

781 2791 979 2882 quommodo
1003 2790 1218 2859 monstratio
1243 2788 1305 2857 alia
1329 2789 1453 2880 signata
1477 2789 1510 2857 in
1535 2795 1625 2879 parte
1648 2786 1828 2856 meridiaha
1852 2809 1916 2880 que
1933 2785 2068 2856 lecimus
2090 2785 2124 2854 ia
2140 2786 2196 2853 ab·

781 2927 921 2988 stracum
945 2941 987 2987 ex
1010 2917 1119 3010 ipsum
1140 2917 1306 2986 solareum-
1326 2927 1358 2985 et
1382 2925 1429 2984 est
1453 2915 1559 3008 ipsum
1574 2915 1614 2984 de
1631 2921 1848 2984 memoratum
1862 2910 2024 2982 solareum
2048 2933 2113 3004 que
2136 2909 2193 2981 tibi

781 3039 856 3110 dedi
878 3041 918 3110 de
941 3039 1109 3110 latitudine
1133 3041 1168 3110 in
1191 3042 1259 3132 ipsa
1282 3038 1575 3132 septemtrionalem
1598 3044 1688 3130 parte
1708 3058 1838 3131 passum
1854 3057 1956 3106 unum
1972 3041 2005 3106 et
2021 3036 2117 3106 uncie
2134 3046 2197 3107 tras
2309 3025 2316 3035 ⁸
2440 3013 2441 3028 ἵ

783 3176 815 3234 et
840 3165 873 3232 in
897 3165 961 3233 alio
984 3165 1087 3258 capite
1111 3175 1245 3256 aparte
1277 3162 1454 3235 meridiana
1483 3162 1631 3234 similiter
1664 3181 1793 3256 passum
1819 3181 1923 3232 unum
1955 3167 1987 3232 et
2012 3163 2108 3236 uncie
2133 3170 2196 3234 tres

784 3297 1004 3359 mensuratum
1029 3299 1061 3357 at
1084 3311 1213 3380 passum
1236 3292 1378 3358 ferreum
1402 3295 1511 3358 sancte
1532 3288 1733 3382 neopolitano
1748 3287 1882 3359 eoelesie
1897 3297 1929 3358 et
1944 3298 2122 3360 memorate
2137 3311 2206 3358 un-

784 3411 834 3478 cie
858 3419 892 3480 at
915 3432 1046 3480 manum
1069 3410 1197 3481 birilem
1221 3411 1303 3481 iusta
1327 3425 1360 3481 et
1383 3412 1467 3481 inter
1490 3411 1583 3481 nobis
1599 3412 1720 3484 ibidem
1735 3413 1840 3484 lacere
1854 3411 2028 3484 debeamus
2042 3413 2196 3508 parietem
2440 3447 2441 3504 p

785 3559 845 3628 pro
869 3537 955 3606 elusa
980 3536 1014 3605 in
1038 3537 1141 3606 altum
1170 3559 1273 3632 usque
1307 3546 1340 3606 at
1367 3547 1477 3631 peetus
1500 3539 1654 3610 omminis
1678 3547 1711 3608 at
1732 3539 1825 3610 omni
1848 3539 2015 3610 communi
2037 3539 2197 3632 expendia

786 3663 829 3732 ud
852 3683 971 3756 penam
995 3684 1059 3756 ego
1082 3664 1122 3733 de
1146 3665 1250 3757 ipsum
1275 3665 1435 3769 solareum
1459 3687 1570 3734 meum
1594 3665 1651 3760 qui
1676 3665 1756 3735 milri
1780 3665 1933 3737 remansit
1956 3675 1989 3736 et
2006 3687 2064 3737 ros
2078 3687 2203 3758 ponere

785 3789 924 3860 debeatis
947 3792 988 3862 de
1011 3791 1118 3882 ἰρειιω
1140 3791 1300 3862 solareum
1324 3815 1388 3885 que
1412 3815 1473 3886 ego
1499 3791 1556 3862 tibi
1581 3792 1655 3862 dedi
1680 3815 1744 3863 una
1766 3792 1911 3864 medium
1934 3793 2015 3887 pede
2039 3803 2073 3864 et
2095 3792 2201 3862 lacia-

764 3927 858 3986 mus
880 3918 986 4009 ipsum
1009 3916 1165 4007 parietem
1187 3917 1232 3984 ud
1256 3939 1352 4010 super
1376 3917 1494 4010 legitur
1510 3927 1543 3988 et
1558 3941 1576 3985 a
1592 3929 1681 4010 parte
1698 3920 1875 3990 meridiana
1897 3943 1994 4012 super
2018 3919 2087 4013 ipsa
2111 3929 2207 3990 curte

784 4059 956 4110 commune
972 4059 1068 4130 super
1085 4038 1152 4129 ipsa
1167 4037 1347 4108 ballatorias
1361 4049 1518 4133 quantum
1533 4049 1583 4110 est
1598 4042 1666 4134 ipse
1680 4043 1824 4113 solareus
1840 4053 1919 4114 tuus·
1930 4043 2099 4114 memorati
2116 4041 2206 4112 leoni

786 4186 851 4254 que
874 4185 937 4256 ego
959 4161 1019 4232 tibi
1043 4161 1115 4231 dedi
1131 4163 1174 4232 ud
1188 4184 1284 4255 super
1299 4162 1417 4254 legitur
1441 4163 1557 4236 iterum
1581 4163 1683 4234 lacere
1699 4151 1871 4238 debeamus
1894 4167 1929 4236 in
1948 4165 2050 4236 altum
2068 4164 2207 4260 podium·

787 4313 889 4383 usque
913 4291 954 4393 ad
968 4297 1078 4384 peetus
1093 4291 1244 4368 omminis
1258 4299 1290 4360 at
1305 4289 1395 4362 onmi
1419 4292 1582 4363 eommuoi
1597 4293 1755 4386 expeudio
1770 4305 1802 4365 et
1817 4276 1845 4366 si
1862 4306 1898 4364 tu
1914 4305 2093 4364 memorato
2109 4294 2204 4366 leone

785 4427 817 4486 et
841 4417 1013 4490 heredibus
1035 4419 1099 4488 tuis
1120 4420 1212 4488 illum
1235 4420 1307 4512 plus
1330 4421 1366 4489 io
1393 4419 1494 4490 altum
1518 4420 1701 4491 atsoendere
1716 4421 1884 4493 volueritis
1899 4409 2062 4494 licentiam
2086 4424 2206 4495 abeatis

784 4551 942 4636 quantum
966 4542 1150 4612 bolueritis:
1165 4545 1297 4635 Insuper·
1313 4551 1346 4612 et
1362 4541 1493 4634 largibit
1517 4551 1548 4614 te
1572 4543 1677 4612 faeere
1701 4551 1735 4614 et
1757 4543 1876 4613 lecistis
1899 4567 2002 4616 unum
2019 4546 2146 4639 parium
2163 4547 2205 4616 de

786 4669 885 4761 grado
907 4688 1087 4739 marmoree
1110 4677 1164 4739 tue
1187 4675 1220 4735 at
1243 4675 1330 4734 coste
1345 4664 1386 4734 de
1402 4664 1559 4757 parietem
1573 4667 1631 4760 qui
1649 4677 1697 4737 est
1713 4668 1753 4737 de
1767 4667 1886 4739 subtus
1897 4691 2008 4740 meum
2022 4680 2056 4741 et
2070 4672 2211 4764 desuper

784 4805 830 4864 est
845 4804 903 4864 tuo
917 4795 975 4888 qui
989 4795 1055 4887 ipse
1069 4793 1182 4888 grades
1197 4791 1293 4892 pedes
1310 4793 1458 4864 detinunt
1482 4792 1517 4862 in
1540 4793 1822 4888 parte'oocidentis
1838 4819 1913 4866 cum
1929 4798 2011 4869 faeie
2027 4800 2066 4871 de
2082 4821 2208 4870 memo-

786 4931 853 4992 rate
877 4920 975 5011 grado
998 4919 1056 5014 qui
1078 4921 1210 4990 luerunt
1233 4929 1287 4990 tue
1308 4925 1341 4990 et
1355 4941 1426 4991 mee
1441 4941 1506 5014 que
1523 4919 1604 4990 milri
1621 4924 1843 4995 commutastis
1859 4935 1891 4994 et
1910 4935 2011 5019 eaput
2025 4927 2172 4998 detiaunt
2187 4953 2209 4996 a
