4906 6520
886 949 1048 1024 ccxtm

347 1208 379 1304 †
401 1207 439 1278 ln
460 1207 592 1280 nomine
614 1207 738 1280 domini
764 1206 817 1280 dei
839 1206 1008 1279 salvatoris
1030 1207 1135 1279 nostri
1157 1205 1255 1284 ihesu
1275 1209 1395 1282 Christi
1412 1211 1589 1305 imperante
1605 1214 1665 1284 do-
1730 1237 1779 1288 an.

255 1333 343 1404 mino
365 1341 476 1404 nostro
498 1329 612 1430 basilio
635 1353 754 1426 magno
776 1333 974 1424 Imperatore
997 1349 1083 1400 anno
1107 1330 1271 1404 tricesimo
1295 1333 1431 1425 septimo
1454 1338 1508 1405 sed
1532 1351 1564 1407 et
1588 1362 1667 1408 eun·
1717 1353 1801 1434 per.

254 1458 392 1530 stantino
414 1459 513 1529 frater
534 1456 604 1530 eius
626 1479 745 1553 magno
767 1437 961 1550 imperatore
984 1479 1069 1527 anno
1090 1457 1254 1530 tricesimo
1269 1467 1385 1553 quarto
1402 1481 1410 1526 :
1428 1459 1481 1530 die
1497 1461 1664 1532 undecima

254 1581 373 1652 mensis
396 1579 504 1675 aprilis
527 1579 704 1654 indictione
725 1581 849 1653 decima
872 1577 1019 1673 neapoli:
1042 1581 1176 1652 Qum
1198 1589 1248 1650 est
1261 1601 1315 1650 me
1330 1582 1520 1674 stephanum
1545 1583 1663 1654 erleio-

255 1706 372 1778 larium
394 1703 547 1776 naturalis
570 1703 638 1776 filio
660 1705 825 1798 quondam
848 1703 971 1775 domini
994 1701 1143 1773 iohannis
1166 1711 1237 1773 eata
1260 1705 1393 1774 domino
1409 1707 1516 1798 sergio
1530 1706 1661 1776 tribuno

254 1828 295 1899 da
318 1838 412 1923 porta
434 1851 498 1900 uua
521 1851 596 1902 eum
620 1851 776 1901 consensu
799 1830 899 1900 maria
922 1829 1059 1919 coniuge
1081 1849 1178 1896 meas
1213 1825 1243 1895 A
1267 1829 1405 1919 presenti
1428 1829 1480 1898 die
1504 1835 1661 1921 promtis-

254 1953 334 2022 sima
358 1928 556 2047 voluptatem
577 1953 770 2024 venumdedi
793 1961 826 2023 et
848 1951 963 2022 nrdtdt
980 1951 1071 2022 vobis
1087 1951 1219 2021 domino
1231 1951 1384 2043 palumbo
1399 1953 1574 2024 venerabili
1588 1975 1664 2046 pre·

254 2073 385 2169 sbptero
408 2074 475 2146 fibo
497 2075 630 2169 quidem
652 2073 786 2146 aderisei
809 2084 843 2144 et
865 2083 973 2144 emtus
997 2070 1129 2144 ecclesie
1152 2073 1253 2142 saneti
1276 2073 1381 2164 angeli
1406 2074 1464 2167 qui
1480 2074 1665 2144 nominatur

212 2291 215 2298 Ι
255 2205 288 2264 ut
310 2195 481 2268 mereiessa
504 2195 564 2266 tibi
587 2203 695 2266 summ
717 2217 777 2288 pro
800 2195 872 2266 vioe
895 2202 950 2264 tnu
965 2203 997 2262 st
1011 2213 1073 2286 pro
1087 2193 1158 2264 viee
1173 2192 1302 2264 bisantii
1318 2194 1427 2286 nepoti
1443 2195 1490 2264 tui
1505 2193 1573 2266 filio
1588 2199 1662 2290 qui·

255 2319 328 2391 dem
351 2320 489 2391 rotunda
511 2341 578 2390 non
602 2341 753 2413 ger-mena
779 2329 832 2389 tus
855 2341 912 2390 seu
927 2329 960 2390 et
974 2341 1034 2411 pro
1057 2319 1129 2389 viee
1152 2319 1283 2389 martini
1307 2321 1417 2412 nepoti
1442 2321 1489 2390 tni
1512 2322 1579 2392 fibo
1603 2343 1661 2391 an·

255 2445 318 2537 geli
341 2445 486 2538 gerulam
493 2491 693 2518 .........
711 2445 758 2514 ibi
780 2445 887 2539 ipsum
910 2452 944 2513 at
956 2452 1101 2514 senebrm
1115 2444 1286 2536 angelum:
1313 2443 1395 2515 idest
1408 2443 1567 2535 integrum
1586 2446 1661 2514 fun-

254 2569 333 2638 dum
357 2591 466 2638 meum
489 2568 629 2660 pesitum
652 2568 686 2638 in
710 2567 782 2637 loeo
804 2567 862 2661 qui
884 2565 1070 2637 nominetur
1093 2583 1280 2634 maranumr
1305 2585 1370 2635 una
1392 2585 1466 2636 eum
1492 2565 1659 2636 arboribus

256 2693 428 2764 fructiferis
452 2693 504 2762 vel
527 2692 734 2764 infructiferis
764 2702 799 2764 et
828 2712 903 2762 oum
926 2691 1097 2762 introitum
1119 2710 1215 2762 suum
1238 2701 1271 2760 et
1294 2689 1445 2763 omnibus
1467 2693 1528 2762 sivi
1552 2692 1657 2784 perti-

254 2817 402 2889 nentibus
425 2817 603 2912 pertinente
625 2819 705 2890 mibi
728 2841 787 2913 per
808 2817 985 2890 chartulam
1013 2815 1257 2912 eomparrtionis
1272 2837 1342 2889 mea
1356 2841 1420 2912 que
1434 2818 1514 2890 mibi
1538 2819 1655 2888 exinde

254 2943 397 3012 fecerunt
420 2939 540 3012 eesario
564 2942 617 3013 eui
640 2963 737 3036 supra
759 2963 877 3014 nomen
901 2949 1018 3035 eaputo
1046 2941 1114 3014 filio
1137 2934 1298 3036 piundum
1324 2939 1470 3032 iohannis
1492 2949 1525 3010 et
1548 2917 1656 3032 sergio

253 3065 392 3159 genitori
415 3075 448 3138 et
470 3065 539 3136 filio
562 3065 770 3140 abitatoribus
792 3069 827 3140 in
850 3076 1029 3140 memorato
1044 3066 1116 3140 loeo
1140 3089 1307 3140 maranum
1331 3081 1509 3140 memorato
1532 3069 1656 3138 eesnrio

253 3211 329 3262 eum
352 3211 508 3264 eonsensu
542 3193 709 3288 arnipergu
738 3195 875 3288 coniuge
898 3217 955 3266 sua
978 3203 1011 3264 et
1034 3208 1211 3266 memorato
1233 3195 1339 3288 sergio
1361 3215 1436 3265 eum
1459 3193 1655 3286 voluptatem

254 3311 392 3388 fermosa
414 3311 552 3409 coniuge
574 3338 632 3387 sua
654 3324 766 3410 quest
781 3315 849 3409 ipsu
865 3316 988 3386 cartula
1004 3315 1097 3386 vobis
1121 3315 1154 3384 in
1177 3315 1330 3406 presentis
1353 3315 1427 3386 dedi
1449 3333 1526 3384 eum
1547 3313 1656 3381 omnia
1736 3293 1741 3300 ’

253 3461 318 3531 que
342 3441 508 3512 eontinet:
535 3439 713 3512 coherente
735 3441 796 3512 sibi
819 3439 859 3511 ab
882 3461 949 3512 uno
972 3441 1072 3512 latere
1094 3437 1229 3513 fundum
1251 3438 1385 3510 heredes
1408 3437 1572 3533 quondum
1596 3437 1657 3506 do·

253 3562 336 3634 mini
356 3565 473 3636 andrea
496 3563 597 3657 prode
620 3573 654 3638 et
676 3563 749 3638 abet
772 3561 818 3635 ibi
832 3565 873 3636 de
889 3563 1088 3658 longitudine
1102 3561 1187 3655 pessi
1209 3562 1325 3653 viginti
1349 3571 1446 3632 oeto:
1471 3571 1504 3631 et
1527 3584 1570 3630 ex
1593 3559 1657 3628 alio
1686 3621 1689 3628 ,

252 3692 351 3761 latere
382 3691 514 3763 ooheret
546 3692 681 3762 mudum
711 3692 816 3763 severi
847 3691 887 3762 de
910 3697 1089 3760 memorato
1113 3687 1184 3758 loeo
1207 3707 1375 3757 maranum
1398 3683 1492 3755 sicuti
1515 3683 1598 3754 inter
1622 3707 1656 3750 se

253 3815 341 3885 elusa
365 3815 484 3886 exfinat
506 3823 539 3885 et
562 3813 635 3886 abet
649 3814 694 3886 ibi
711 3815 751 3886 de
765 3812 965 3909 longitudine
978 3811 1125 3887 similiter
1141 3813 1223 3907 passi
1238 3811 1354 3904 viginti
1368 3820 1461 3880 ueto:
1486 3815 1519 3878 et
1535 3807 1573 3878 de
1589 3829 1655 3876 nno

254 3940 361 4032 eapite
384 3949 432 4008 est
454 3939 589 4010 fundum
612 3939 744 4011 heredes
766 3944 932 4036 quondam
953 3941 1077 4013 domini
1099 3939 1196 4034 sergii
1213 3941 1254 4012 de
1269 3937 1401 4010 domine
1425 3933 1538 4006 basilio
1561 3936 1654 4004 sicuti

253 4065 339 4134 inter
362 4085 397 4134 se
419 4061 505 4136 elma
519 4063 638 4138 exfinat
660 4075 693 4137 et
716 4065 788 4136 abet
811 4065 857 4136 ibi
880 4067 921 4138 de
943 4063 1109 4138 latitudine
1125 4065 1208 4158 passi
1221 4063 1337 4133 nobem
1361 4073 1393 4132 et
1409 4085 1450 4132 ex
1466 4061 1529 4130 alio
1553 4061 1656 4152 cupite

254 4183 386 4255 eoheref
408 4185 460 4256 via
484 4185 625 4278 pubbliei
648 4209 706 4281 per
728 4211 792 4284 qna
816 4188 937 4260 ibidem
960 4187 1130 4258 introitum
1154 4183 1534 4256 aberedebeatisetabet
1552 4183 1655 4253 ibide

254 4309 422 4383 latitudine
438 4311 584 4384 similiter
599 4316 681 4406 passi
695 4315 811 4386 nobem
827 4315 994 4388 memorati
1010 4335 1091 4386 vero
1105 4314 1188 4406 passi
1204 4313 1377 4383 mensurati
1392 4321 1466 4382 sunt
1481 4321 1514 4381 at
1528 4331 1656 4402 passum

253 4436 397 4505 ferreum
428 4449 535 4508 sanete
566 4439 764 4534 neapolitane
787 4440 935 4510 eoelesier
963 4439 1143 4534 dequibus
1166 4437 1247 4510 nihil
1270 4435 1351 4505 mihi
1379 4435 1495 4505 exinde
1525 4433 1654 4526 aliquod

251 4559 408 4628 remansit
430 4568 486 4628 aut
510 4562 670 4633 reserbavi
693 4585 752 4635 nee
775 4564 810 4634 in
833 4563 934 4637 alienu
956 4566 1111 4660 cuiusque
1125 4583 1294 4657 personam
1310 4561 1398 4656 quod
1414 4559 1494 4628 absit
1509 4556 1656 4626 commisi

253 4689 312 4750 aut
326 4682 392 4750 iam
408 4683 580 4754 oommioto
603 4695 813 4778 potestatemz
839 4711 896 4761 seu
921 4711 1051 4782 presens
1073 4697 1106 4759 et
1128 4687 1275 4778 deinceps
1298 4682 1554 4777 prenominatum
1578 4701 1654 4747 me-

253 4817 416 4880 moratum
439 4809 601 4903 integrum
623 4813 757 4886 fundum
782 4837 891 4886 meum
914 4817 1053 4908 positum
1069 4814 1103 4884 in
1118 4821 1295 4884 memorato
1309 4809 1381 4880 loeo
1398 4807 1455 4901 qui
1471 4805 1657 4876 nominatur

251 4953 423 5010 maranum
447 4959 511 5009 una
536 4959 610 5008 eum
642 4941 808 5014 arboribus
839 4943 1011 5014 fructiferis
1034 4941 1085 5013 vel
1108 4937 1313 5012 infructiferis
1337 4943 1369 5008 et
1390 4955 1466 5008 eum
1490 4932 1656 5005 introitum
