4906 6520
1395 669 1537 766 (ιω)

1357 951 1580 1028 CCXXXVIII.

641 1241 692 1290 an.
853 1214 944 1310 †ln
966 1213 1096 1286 nomine
1119 1211 1242 1286 domini
1265 1211 1317 1283 dei
1340 1209 1509 1282 salvatoris
1532 1209 1636 1280 nostri
1659 1206 1756 1280 ihesu
1771 1205 1892 1279 Cluisti
1914 1207 2094 1302 lmperente
2117 1213 2181 1283 do-

618 1349 710 1423 995.
759 1339 850 1409 mino
873 1347 983 1408 nostro
1005 1335 1119 1407 besilio
1142 1357 1262 1429 magno
1285 1335 1481 1428 Imperatore
1505 1356 1591 1406 anno
1618 1333 1784 1405 tricesimo
1818 1344 1929 1405 serto:
1954 1335 2013 1406 sed
2037 1344 2070 1406 et
2093 1359 2178 1408 eon-

760 1463 898 1534 stontino
921 1463 1020 1532 freter
1034 1463 1103 1534 eius
1120 1483 1239 1554 magno
1260 1463 1452 1556 imperatore
1469 1479 1553 1528 nnno
1572 1459 1736 1537 tricesimo
1753 1459 1845 1532 tertio
1860 1460 1912 1534 die
1927 1469 2044 1556 quarta
2060 1463 2178 1534 mensis

758 1587 941 1659 nobembrii
965 1586 1139 1658 indictione
1164 1609 1249 1658 nona
1272 1585 1413 1680 neapoli:
1437 1585 1570 1658 Certum
1593 1595 1641 1659 est
1662 1613 1710 1659 me
1734 1587 1893 1659 essarium
1917 1587 1972 1659 cni
1997 1609 2095 1681 super
2117 1611 2175 1658 no*

758 1712 946 1784 bicarellum
969 1711 1072 1784 lilium
1097 1712 1262 1807 quondam
1285 1711 1423 1783 iohanne
1447 1713 1478 1782 Α
1502 1712 1642 1806 presenti
1657 1712 1709 1784 die
1734 1711 1973 1806 promptissime
2001 1712 2178 1784 volumtate

759 1841 961 1912 venumdedi
976 1849 1009 1910 et
1023 1838 1139 1910 tradidi
1162 1839 1224 1910 tibi
1246 1839 1382 1912 domino
1404 1851 1497 1935 petro
1522 1841 1590 1912 lilio
1615 1841 1780 1936 quoddam
1803 1839 1928 1911 domini
1945 1839 2091 1934 stephani
2105 1839 2177 1912 bul-

761 1967 851 2035 ceni:
874 1967 957 2046 ldest
980 1966 1104 2060 integre
1127 1988 1192 2036 une
1216 1967 1300 2061 petie
1324 1989 1396 2036 mea
1420 1967 1462 2036 de
1486 1975 1573 2036 terre
1595 1989 1660 2060 que
1684 1965 1872 2034 nominetur

760 2120 826 2166 mm
849 2120 919 2167 erim
942 2096 1104 2190 integrum
1127 2094 1314 2166 intersionm
1337 2117 1433 2167 suum
1456 2095 1577 2166 ibidem
1593 2095 1628 2165 in
1642 2115 1710 2165 uno
1732 2093 1885 2164 eoniunto
1908 2093 1971 2164 hoo
1986 2100 2034 2162 est
2054 2101 2181 2186 oporte

760 2225 982 2320 septentrionis
1005 2225 1108 2318 posite
1132 2225 1265 2296 insimul
1280 2225 1323 2294 ·in
1348 2225 1421 2293 loeo
1445 2225 1504 2318 qni
1529 2223 1716 2293 nominetur
1740 2221 1920 2316 pisehinnle
1943 2244 2008 2294 una
2024 2242 2104 2294 oum
2120 2244 2178 2292 er-

704 2403 705 2406 ,
759 2351 893 2421 boribus
928 2359 961 2420 et
983 2350 1272 2422 introitumsuum
1303 2363 1335 2420 et
1359 2349 1511 2420 omnibus
1535 2348 1598 2420 sibi
1621 2347 1880 2441 pertinentibus:
1915 2347 2091 2420 coherente
2114 2346 2176 2420 sibi

758 2482 934 2546 memorate
957 2474 1043 2568 petie
1066 2475 1116 2575 de·
1129 2483 1309 2546 memorate
1331 2459 1416 2544 terra
1439 2475 1482 2542 ab
1506 2497 1572 2542 uno
1595 2473 1698 2543 lutere
1715 2481 1808 2566 parte
1824 2472 2000 2544 meridiane
2016 2483 2103 2544 terre
2118 2475 2178 2547 do-

759 2600 839 2672 mini
862 2600 1005 2694 gregorii
1028 2599 1150 2670 millusi
1173 2611 1206 2670 et
1230 2599 1271 2672 eb
1295 2599 1359 2670 alio
1382 2599 1482 2670 latere
1507 2607 1599 2691 parte
1623 2597 1852 2692 septentrionis
1874 2597 2008 2671 ooheret
2025 2607 2109 2670 terra
2124 2608 2179 2673 tun

758 2726 930 2799 memorati
952 2727 1075 2818 domini
1098 2727 1182 2820 petri
1205 2735 1238 2798 et
1262 2735 1347 2797 terre
1371 2729 1411 2798 de
1437 2727 1532 2799 illum
1555 2727 1701 2820 pepeboe
1718 2736 1750 2796 et
1767 2735 1854 2796 terra
1868 2726 1908 2796 de
1925 2727 2061 2798 eeclesia
2080 2729 2181 2800 seneli

762 2859 847 2952 petri
870 2867 903 2928 at
925 2855 1115 2928 carbonario
1140 2865 1173 2929 et
1197 2857 1237 2929 de
1261 2878 1328 2927 nno
1351 2857 1455 2951 eapite
1486 2864 1578 2950 perte
1610 2853 1767 2925 horientis
1790 2854 1924 2926 coheret
1947 2864 2033 2930 terra
2056 2877 2178 2926 monn-

762 2985 851 3056 sterii
874 2994 980 3057 sancte
1012 2985 1146 3080 patricie
1171 2993 1271 3056 etex
1294 2985 1358 3056 alio
1389 2984 1494 3079 eapite
1523 2991 1614 3077 purte
1645 2983 1821 3056 occidentis
1848 2983 1980 3056 ooheret
2008 2983 2087 3056 cebo
2111 3008 2180 3078 pu-

761 3113 864 3183 bliea:
890 3124 923 3184 et
947 3122 980 3182 et
1002 3111 1109 3206 ipsum
1132 3112 1322 3185 intersicum
1348 3122 1381 3186 et
1402 3114 1537 3185 eoberet
1561 3110 1623 3186 sibi
1640 3111 1681 3184 eb
1705 3135 1772 3183 uno
1796 3112 1896 3184 latere
1919 3120 2010 3206 purte
2034 3120 2177 3206 septem-

762 3241 878 3310 trionis
907 3249 993 3310 terra
1025 3265 1089 3336 que
1122 3242 1219 3312 modo
1251 3243 1373 3314 detinet
1403 3241 1523 3312 feleulo
1557 3243 1691 3314 aurifice
1716 3252 1749 3312 et
1773 3267 1793 3313 a
1819 3251 1909 3336 perte
1932 3241 2109 3314 meridiane
2132 3253 2181 3314 est

762 3363 953 3432 eoninntnm
975 3386 1050 3434 cum
1073 3371 1251 3432 memorate
1272 3373 1359 3434 terre
1383 3387 1448 3458 que
1471 3364 1532 3435 tibi
1557 3367 1753 3438 venumdedi
1777 3375 1810 3436 et
1833 3367 1873 3437 de
1893 3389 1957 3437 uno
1972 3367 2073 3438 latere
2088 3377 2178 3462 purte

761 3486 935 3559 occidentis
956 3487 1088 3559 coheret
1110 3497 1287 3560 memorate
1319 3488 1397 3562 caba
1428 3489 1555 3582 publico
1587 3501 1621 3561 et
1645 3515 1686 3561 ex
1711 3491 1775 3561 elio
1800 3493 1899 3564 latere
1924 3501 2016 3586 perte
2038 3493 2175 3564 orientis

763 3615 893 3688 coheret
915 3625 999 3687 terre
1022 3625 1199 3686 memorata
1223 3615 1353 3688 eeclesia
1376 3617 1478 3688 saneti
1501 3619 1606 3710 petri:
1639 3618 1735 3690 sicuti
1761 3617 1882 3690 ibidem
1906 3641 2010 3691 unum
2035 3620 2175 3690 termine

762 3761 982 3809 marmoreum
1005 3739 1126 3810 tutineo
1147 3740 1290 3810 exlinet:
1322 3741 1413 3812 Unde
1437 3741 1519 3812 nihil
1542 3742 1625 3813 mihi
1648 3743 1766 3814 exinde
1790 3743 1921 3837 aliquod
1948 3743 2102 3813 remansit
2126 3755 2183 3814 ant

764 3861 924 3932 reserbnbi
947 3883 1007 3932 noo
1030 3859 1065 3930 in
1080 3859 1183 3932 aliene
1199 3861 1376 3958 cuiusque:
1397 3887 1550 3957 personas
1566 3867 1655 3960 quod
1672 3866 1755 3937 absit
1771 3867 1922 3938 commisi
1938 3877 1995 3940 eut
2016 3865 2082 3936 iam
2095 3889 2187 3941 com-

765 3989 847 4059 mito
869 3999 1059 4083 potestatem
1081 3999 1114 4060 et
1137 4015 1157 4060 a
1179 3991 1320 4084 presenti
1336 3991 1387 4063 die
1401 4003 1434 4062 et
1449 3993 1597 4087 deinceps
1620 3995 1842 4088 prenominato
1860 4007 2043 4070 memorate
2059 4000 2185 4092 integra

766 4139 830 4186 uns
851 4118 937 4210 petie
959 4137 1032 4189 men
1055 4117 1095 4188 de
1119 4127 1296 4188 memorato
1314 4125 1400 4188 terra
1423 4141 1488 4188 una
1513 4141 1589 4192 cum
1613 4133 1829 4194 memoratum
1852 4126 2041 4198 intersicum
2064 4127 2185 4198 ibidem

768 4242 959 4315 coniuntum
983 4269 1047 4317 una
1070 4267 1146 4317 eum
1171 4245 1340 4318 introitum
1367 4267 1463 4319 snum
1486 4257 1519 4318 et
1541 4248 1691 4321 omnibus
1714 4251 1776 4323 sivi
1799 4253 2034 4346 pertinentibus
2053 4265 2086 4326 et
2102 4260 2187 4331 sicut

766 4371 835 4441 illos
857 4393 913 4464 per
934 4386 1117 4444 menorans
1141 4371 1341 4445 coherenties
1365 4374 1526 4447 insinuebi
1550 4377 1632 4446 sicut
1655 4379 1803 4472 superius
1826 4381 1947 4476 legitur
1963 4409 1981 4453 n
1998 4409 2051 4456 me
2069 4387 2128 4458 tibi
2144 4391 2186 4461 sit

763 4499 982 4570 venundatum
1005 4507 1038 4568 et
1062 4499 1216 4569 traditum
1238 4500 1274 4618 in
1297 4511 1353 4570 tun
1377 4502 1523 4596 tuisque:
1550 4503 1721 4578 heredibus
1750 4509 1814 4580 sint
1838 4521 2032 4604 potestatem
2055 4539 2187 4610 queque

768 4624 882 4698 exinde
905 4626 1010 4696 leoere
1033 4624 1202 4697 volueritis
1225 4637 1259 4699 et
1276 4649 1381 4723 neque
1398 4653 1417 4697 a
1431 4649 1484 4700 me
1499 4643 1679 4704 memorato
1698 4635 1821 4708 cesario
1837 4663 1942 4734 neque
1959 4665 1979 4709 e
1995 4643 2076 4713 meis
2092 4643 2189 4715 hero-

765 4753 857 4824 dibus
880 4776 940 4824 neo
963 4781 982 4826 e
1003 4753 1098 4825 nobis
1121 4777 1272 4850 personas
1295 4755 1463 4828 summisse
1479 4759 1569 4829 nullo
1585 4768 1730 4855 tempore
1746 4788 1926 4861 numquam
1942 4779 1978 4840 tu
1993 4783 2174 4842 memorato

762 4877 894 4952 domino
912 4895 1001 4974 petro
1025 4891 1081 4951 ent
1103 4879 1275 4951 heredibus
1299 4881 1363 4950 tuis
1386 4883 1474 4978 quod
1499 4883 1581 4953 absit
1607 4883 1727 4958 abeatis
1751 4889 1868 4961 exinde
1889 4891 2062 4987 aliquando
2086 4918 2177 4989 qus-

764 5021 903 5094 cnmque
936 5003 1145 5098 requisitione
1168 5013 1224 5076 aut
1246 5005 1392 5076 molestia
1414 5027 1473 5100 per
1503 5005 1628 5080 nullum
1663 5011 1798 5083 modum
1828 5035 1888 5084 nee
1918 5038 1978 5109 per
1999 5017 2177 5092 summissis
