4876 6520
1416 599 1533 698 (⁶⁴)
1795 682 1803 694 ,

1426 888 1523 962 ocu.

643 1189 697 1236 an,
858 1145 890 1242 †
912 1147 950 1218 ln
972 1144 1102 1216 nomine
1123 1140 1247 1215 domini
1271 1139 1323 1212 dei
1346 1137 1513 1210 salvatoris
1534 1134 1637 1207 nostri
1651 1131 1747 1206 ibesu
1770 1129 1890 1203 Christi
1913 1129 2092 1223 imperante
2111 1129 2178 1200 do·

621 1302 707 1360 935,
764 1270 854 1343 mino
885 1277 996 1341 nostro
1026 1260 1139 1336 basilio
1171 1283 1290 1356 magno
1322 1263 1518 1354 Mperstore
1551 1279 1637 1328 anno
1660 1255 1814 1328 vicesimo
1837 1256 1948 1348 prino
1970 1253 2027 1326 sed
2049 1261 2083 1326 et
2110 1275 2178 1324 oo-

765 1396 902 1468 stantino
932 1395 1030 1464 irater
1060 1390 1130 1462 eius
1160 1409 1279 1482 magno
1310 1389 1507 1480 Imperatore
1530 1405 1616 1454 auno
1639 1381 1934 1454 vicesimotertio:
1962 1379 2016 1452 die
2038 1377 2177 1452 boetem

765 1518 882 1589 mensis
904 1513 1088 1608 septembrii
1112 1511 1287 1584 indictione
1310 1509 1549 1604 quartadecima
1572 1503 1712 1601 neapoli.
1742 1503 1913 1576 Combeuit
1935 1503 2076 1598 denique
2099 1525 2177 1576 oum

765 1641 886 1714 domini
911 1663 1021 1712 amore
1044 1647 1078 1709 et
1100 1637 1186 1709 bona
1210 1633 1416 1707 fraternitatis
1439 1631 1577 1703 hordine
1606 1632 1689 1701 inter
1712 1651 1772 1702 nos
1794 1627 1907 1700 basilio
1929 1625 2118 1700 subdiaooni
2145 1639 2179 1699 et

766 1765 962 1837 iohannem:
997 1783 1162 1858 quamque
1192 1781 1319 1853 gemma
1345 1755 1478 1828 honesta
1503 1753 1624 1828 femina
1646 1762 1679 1825 et
1701 1753 1861 1846 eopbtmiu
1883 1752 2008 1825 bomo
2028 1751 2176 1845 Mne
2234 1835 2247 1858 ,

766 1893 902 1966 uterinis
917 1888 1077 1986 germanis
1100 1887 1174 1960 filiis
1197 1895 1230 1956 et
1249 1885 1330 1957 filias
1352 1884 1517 1978 quondam
1539 1882 1662 1955 donnini
1684 1881 1775 1955 ursi:
1801 1889 1835 1952 et
1856 1881 2022 1976 quondam
2045 1881 2175 1953 domino

766 2039 862 2089 maru
876 2017 1010 2087 honesta
1026 2011 1144 2084 semina
1166 2008 1349 2103 iugalibus:
1373 2029 1435 2101 ego
1451 2014 1628 2080 memorata
1643 2027 1772 2098 geum
1787 2003 1920 2076 honesta
1932 2001 2052 2076 femina
2065 2003 2176 2075 relicta

767 2144 932 2240 quondam
956 2141 1079 2214 domiui
1103 2137 1270 2234 gregorii:
1305 2145 1338 2208 et
1367 2156 1426 2206 vos
1449 2132 1599 2204 videlicet
1621 2131 1754 2202 domino
1777 2138 1870 2225 petro
1891 2139 1925 2202 et
1948 2129 2107 2209 theodoro
2129 2138 2178 2202 set

768 2293 849 2342 vero
872 2291 953 2340 anna
975 2269 1108 2340 honesta
1132 2265 1261 2337 femina.
1291 2275 1325 2336 ot
1354 2263 1508 2356 gregorio
1530 2257 1666 2333 uterinis
1690 2257 1851 2352 germanis
1873 2258 2011 2331 noaots=
2040 2265 2079 2331 tu
2101 2283 2176 2332 me-

767 2403 892 2464 morata
915 2413 996 2461 anna
1020 2390 1154 2460 honesta
1177 2387 1297 2460 femina
1319 2409 1396 2458 eum
1420 2405 1578 2456 consensu
1601 2382 1726 2454 domini
1749 2380 1832 2478 petri
1854 2382 1919 2454 viri
1941 2381 2008 2454 tui:
2034 2393 2069 2454 et
2091 2383 2178 2456 divi-

768 2519 868 2590 simus
890 2517 974 2588 inter
996 2515 1111 2587 nobis:
1140 2513 1294 2586 homnem
1317 2513 1493 2586 hereditate
1517 2535 1575 2588 seu
1598 2511 1753 2584 fundoras
1775 2531 1851 2580 eum
1873 2507 2024 2580 omnibus
2039 2509 2086 2582 eis
2100 2531 2177 2604 per-

766 2645 961 2716 tinentibus:
988 2642 1047 2738 qui
1069 2639 1164 2712 nobis
1187 2640 1413 2735 pertinuerunt
1434 2661 1494 2734 per
1516 2637 1705 2712 memoratis
1727 2635 1887 2730 iugalibus
1901 2635 2102 2730 genitoribus
2116 2659 2175 2710 uo-

767 2773 843 2844 stris
863 2771 900 2842 in
922 2771 1001 2842 duas
1024 2779 1149 2866 portes:
1172 2767 1339 2863 Undetigit
1360 2767 1397 2838 in
1414 2767 1474 2840 ista
1497 2765 1647 2862 portione
1670 2766 1776 2860 prima
1797 2785 1857 2837 vos
1880 2773 2060 2838 memorato
2083 2776 2175 2861 petro

767 2907 801 2968 et
823 2907 1002 2968 memorato
1025 2895 1182 2968 theodoro
1205 2915 1370 2990 qaramque
1392 2903 1570 2966 memorata
1592 2893 1699 2964 banna
1714 2891 1848 2963 honesta
1862 2890 1982 2964 femina
1998 2901 2032 2964 et
2047 2913 2172 2962 mamo-
2202 2919 2205 2927 ¹

766 3033 838 3094 rato
861 3025 1014 3118 gregorio
1036 3020 1171 3093 uterinis
1195 3021 1355 3116 germanis
1378 3021 1495 3092 nostris
1526 3019 1603 3091 totis
1625 3028 1790 3114 quatuor:
1814 3021 1910 3115 gldest
1942 3041 2055 3090 omnm
2078 3027 2177 3091 terras

767 3159 905 3244 quantus
929 3147 1061 3218 abemus
1083 3145 1119 3217 iu
1141 3145 1279 3241 apolline
1302 3143 1381 3216 ioris
1403 3143 1548 3218 dubeum
1571 3165 1646 3215 oum
1661 3144 1814 3216 fundoras
1828 3153 1861 3216 et
1875 3143 2031 3216 olibetum
2049 3153 2082 3214 et
2096 3167 2177 3216 onr-

767 3286 876 3348 taneus
898 3275 962 3346 boo
978 3285 1026 3348 est
1040 3275 1165 3348 cultum
1187 3274 1240 3348 vel
1255 3275 1412 3347 incultum
1428 3283 1461 3345 et
1479 3297 1555 3346 cum
1569 3276 1727 3345 fructoras
1743 3284 1867 3346 etcum
1882 3277 2152 3374 apendieibusque
2169 3305 2177 3349 :

768 3397 857 3471 suis:
884 3409 932 3470 sot
954 3421 1034 3470 vero
1056 3398 1162 3492 tetigit
1183 3397 1237 3470 bio
1260 3399 1295 3471 iu
1318 3399 1379 3471 ista
1402 3397 1551 3494 portione
1573 3397 1699 3494 prima:
1726 3407 1758 3470 et
1780 3421 1891 3472 omnes
1915 3410 2017 3474 terras
2040 3413 2175 3498 quarm

768 3536 801 3593 ot
824 3524 934 3618 quales
958 3525 1089 3596 abemus
1112 3525 1146 3598 in
1169 3525 1355 3597 muscarellu
1377 3525 1455 3596 ioris
1478 3547 1591 3596 arcora
1613 3527 1714 3597 cultus
1737 3525 1790 3596 vel
1812 3526 1949 3601 incultas
1972 3539 2109 3625 quantus
2133 3531 2182 3602 ivi

769 3651 901 3724 abemus
923 3651 958 3722 in
980 3662 1161 3724 memorato
1182 3653 1255 3724 loeo
1278 3651 1463 3725 masonaelia
1485 3653 1563 3725 foris
1586 3675 1718 3725 monna:
1750 3655 1912 3752 simulque
1940 3657 2048 3751 tetigit
2070 3657 2124 3749 bio
2147 3667 2180 3728 at

767 3775 902 3850 bomnes
925 3788 1025 3850 terras
1048 3787 1184 3872 quamm
1208 3788 1240 3851 et
1263 3777 1374 3873 quales
1397 3777 1528 3852 mensus
1551 3778 1587 3850 in
1609 3777 1809 3851 oanoiiione:
1841 3802 1906 3851 una
1928 3803 2004 3851 oum
2029 3783 2178 3855 fundoras

739 3973 743 3981 ,
770 3911 803 3972 et
825 3911 991 3974 ourtaneas
1014 3911 1146 3974 etcum
1172 3901 1461 3998 apendicibusque:
1492 3902 1586 3974 suis:
1611 3902 1743 3997 insuper
1765 3903 1871 4000 tetigit
1893 3904 1969 3977 bier
1993 3914 2026 3976 et
2047 3917 2180 4000 quantas

770 4037 872 4098 terrm
895 4029 1025 4099 abemus
1047 4029 1082 4100 in
1106 4029 1337 4102 deeutitianum
1359 4029 1461 4100 cultas
1483 4031 1537 4102 vei
1560 4029 1695 4102 incultas
1718 4039 1751 4101 et
1776 4053 1854 4104 oum
1877 4032 2180 4129 atpendioibusque:

771 4155 839 4226 suis
853 4178 863 4224 t
886 4175 1048 4247 quamque
1075 4151 1179 4244 tetigit
1201 4153 1254 4224 bio
1270 4177 1280 4222 t
1306 4161 1339 4226 et
1354 4161 1489 4248 quondm
1503 4161 1604 4224 terras
1618 4151 1753 4224 abemus
1767 4153 1802 4224 in
1815 4153 2006 4228 bulusanum
2023 4178 2088 4227 una
2105 4180 2180 4230 oum

771 4277 922 4348 omnibus
945 4278 1015 4348 eius
1038 4277 1292 4370 pertinentibus=
1328 4278 1446 4350 iterum
1478 4279 1583 4374 tetigit
1604 4279 1659 4352 hio
1682 4289 1715 4353 et
1738 4289 1873 4376 utrantos
1898 4290 1999 4354 terres
2021 4281 2178 4358 habemns

772 4403 808 4474 in
830 4411 946 4495 quarto
969 4400 1092 4472 maiore
1114 4401 1215 4475 auitas
1241 4400 1295 4474 vel
1325 4404 1460 4477 incultus
1494 4427 1560 4476 unu
1583 4427 1661 4477 eum
1695 4415 1804 4479 monte
1827 4406 2027 4499 etsoupulas
2050 4415 2177 4480 suaset

772 4551 848 4599 uum
871 4527 1173 4624 atpandicibusque:
1196 4527 1262 4597 suis
1286 4549 1351 4602 una
1374 4547 1450 4600 oum
1473 4528 1578 4622 gripta
1601 4551 1667 4624 que
1686 4539 1820 4603 vocatur
1844 4533 1885 4604 ad
1899 4532 1993 4604 illum
2017 4528 2182 4604 furnilium

772 4665 805 4727 et
828 4676 903 4726 oum
925 4653 1055 4748 piscinis
1076 4653 1143 4728 suis
1167 4662 1199 4728 et
1222 4651 1372 4726 omnibus
1394 4653 1457 4726 sivi
1479 4654 1731 4750 pertinentibus:
1757 4654 1918 4753 simulque
1941 4657 2049 4750 tetigit
2071 4657 2126 4730 bio
2151 4667 2184 4730 et

771 4783 922 4854 fundoras
953 4791 987 4854 et
1018 4765 1129 4854 omnes
1160 4790 1262 4852 terras
1291 4791 1426 4877 quantas
1457 4791 1490 4854 et
1517 4784 1627 4878 quales
1650 4783 1783 4858 ubenms
1809 4785 1844 4858 in
1866 4787 1940 4856 loeo
1963 4787 2023 4882 qui
2044 4797 2181 4859 voeatm

771 4905 991 4979 muntilianum
1014 4915 1048 4977 at
1070 4914 1217 4980 sanctum
1239 4913 1367 5001 petrum
1386 4913 1419 4976 ut
1433 4929 1552 5001 psum:
1578 4917 1736 5003 quantum
1759 4918 1792 4982 et
1807 4910 1972 5005 quomodo
1987 4909 2035 4982 ivi
2050 4910 2181 4983 abemus
