4906 6520
1432 925 1566 1000 CCXIX.

649 1229 708 1279 m,
871 1183 1095 1286 †'1nnomine
1108 1187 1234 1262 domini
1248 1185 1300 1258 dei
1312 1185 1483 1257 salvatoris
1500 1183 1604 1256 nostri
1618 1181 1717 1258 lbesu
1730 1181 1852 1256 Christi
1866 1185 2049 1279 Imperante
2064 1186 2198 1262 domino

634 1339 722 1405 990.
776 1324 887 1388 nostro
909 1313 1024 1386 basilio
1046 1334 1165 1406 magno
1188 1313 1384 1404 Imperatore
1407 1331 1491 1379 anno
1515 1307 1700 1384 tricesimo:
1724 1309 1781 1380 sed
1804 1319 1837 1380 et
1859 1309 2060 1382 constantino
2076 1335 2194 1408 magno

776 1441 970 1534 Imperatore
992 1443 1092 1516 trater
1115 1437 1186 1511 eius
1207 1459 1292 1509 anno
1315 1437 1469 1508 vicesimo
1492 1437 1648 1532 septimo:
1681 1437 1735 1508 dia
1762 1437 1915 1508 rioasima
1938 1440 2052 1532 quarta
2076 1445 2195 1514 mensis

775 1567 882 1639 martii
904 1566 1080 1638 indictione
1102 1567 1197 1637 tertia
1220 1566 1368 1660 neapoli:
1386 1565 1519 1637 Certum
1534 1573 1582 1636 est
1597 1585 1650 1636 me
1666 1563 1760 1635 leone
1776 1565 1948 1634 ferrarium
1965 1565 2069 1639 lilium
2083 1591 2189 1663 quon

775 1695 850 1765 dam
864 1693 951 1766 leoni
966 1692 1093 1766 terrarii
1107 1693 1162 1764 eui
1177 1715 1273 1786 super
1287 1715 1405 1763 nomen
1418 1713 1534 1763 rusco:
1558 1715 1577 1761 a
1593 1691 1732 1785 presenti
1746 1689 1798 1762 die
1812 1693 2019 1785 proptissima
2034 1693 2193 1767 volunta-

775 1829 864 1890 tem:
889 1816 1084 1890 venumdedi
1099 1825 1131 1887 et
1146 1815 1262 1888 tradidi
1277 1815 1370 1889 vobis
1383 1815 1536 1910 palumbo
1551 1815 1754 1888 vicedomino
1770 1815 1872 1888 filium
1887 1817 2050 1911 quondam
2067 1821 2146 1892 roni
2161 1831 2194 1893 et

774 1941 878 2012 maria
901 1941 963 2010 boo
985 1939 1057 2010 hest
1079 1939 1219 2033 iugales:
1238 1939 1321 2011 idest
1334 1961 1399 2012 una
1413 1937 1565 2008 interiora
1579 1935 1709 2011 oellarei
1727 1936 1809 2008 mei:
1830 1939 1889 2032 qui
1904 1949 1951 2010 est
1967 1941 2080 2014 subtus
2096 1964 2192 2039 supe-

774 2072 862 2141 riora
885 2067 1031 2142 dommui
1053 2067 1186 2162 quidem
1208 2065 1295 2138 leoni
1317 2065 1444 2138 turarii
1467 2065 1571 2139 lilium
1594 2069 1760 2163 quondam
1783 2067 1926 2160 gregorii
1952 2069 2078 2146 ferrarii
2102 2082 2135 2143 et
2156 2074 2192 2146 in

775 2201 933 2292 quantum
956 2193 1068 2266 subtus
1090 2193 1258 2288 superiora
1272 2193 1420 2266 dommui
1433 2217 1526 2266 mee:
1552 2195 1657 2289 posita
1673 2195 1708 2266 in
1724 2193 1799 2266 rico
1816 2195 1874 2288 qui
1888 2198 2075 2274 nominatur
2091 2203 2193 2274 saneti

774 2319 900 2414 georgii
923 2319 958 2388 in
980 2317 1127 2391 diaeonia
1145 2317 1288 2410 regionis
1309 2337 1437 2388 summa
1451 2317 1576 2411 platea:
1601 2339 1666 2388 una
1689 2339 1767 2386 curn
1781 2319 1963 2410 aspectibus
1984 2321 2099 2396 suiset
2116 2347 2192 2397 cum

775 2445 839 2516 dua
862 2443 993 2514 introita
1016 2451 1049 2512 et
1070 2441 1222 2512 omnibus
1244 2440 1306 2512 siri
1329 2440 1585 2535 pertinentibus:
1602 2441 1661 2534 qui
1683 2440 1889 2513 eoberetsivi
1906 2451 2028 2536 aparte
2052 2455 2193 2540 septem-

773 2569 888 2638 trionis
911 2565 1066 2638 eellarum
1088 2575 1183 2637 tuum
1206 2563 1377 2636 memorati
1400 2563 1545 2657 palumbi
1567 2563 1663 2636 sicuti
1685 2563 1770 2634 inter
1784 2585 1818 2634 se
1833 2587 1891 2657 per
1906 2567 2088 2642 trabersum
2112 2571 2194 2643 duas

772 2695 910 2790 signatas
926 2693 1035 2788 gruds
1049 2693 1185 2764 exfinat:
1199 2700 1232 2764 et
1246 2717 1266 2764 a
1280 2702 1371 2786 parte
1385 2691 1561 2763 meridiana
1575 2692 1707 2762 coheret
1723 2691 1871 2765 introitas
1886 2692 1921 2764 in
1936 2717 2003 2788 quo
2019 2705 2068 2767 est
2083 2699 2192 2792 posti-

773 2839 849 2892 eum
871 2830 904 2892 et
926 2818 1033 2914 regias
1054 2841 1128 2891 suas
1150 2819 1209 2915 qui
1232 2817 1318 2890 exiet
1335 2817 1369 2887 in
1384 2829 1599 2888 memoratum
1615 2817 1803 2892 introitum:
1824 2827 1860 2892 et
1881 2843 1900 2888 a
1918 2831 2009 2913 parte
2033 2822 2187 2896 horientis

771 2945 904 3018 noberet·
914 2943 1084 3015 cellareum
1099 2943 1270 3014 memorati
1282 2941 1368 3012 leoni
1378 2940 1505 3014 terrarii
1516 2939 1584 3010 tilio
1597 2941 1762 3036 quondam
1776 2944 1948 3014 memorati
1962 2945 2107 3040 gregorii
2120 2947 2185 3020 fer-

771 3069 850 3142 rarii
864 3069 961 3141 sicuti
977 3069 1061 3140 inter
1077 3089 1111 3138 se
1125 3065 1282 3160 parietem
1305 3065 1426 3137 exfinat
1441 3073 1473 3134 et
1489 3089 1507 3134 a
1521 3077 1612 3158 parte
1627 3064 1843 3137 hooeidentis:
1861 3066 1993 3138 coheret
2008 3079 2188 3144 memorato

771 3193 845 3268 rico
859 3197 1007 3291 publiea:
1032 3202 1065 3266 et
1087 3193 1192 3286 regias
1214 3192 1294 3264 duas
1317 3193 1376 3286 qui
1392 3193 1480 3264 exiet
1495 3193 1533 3262 in
1545 3201 1728 3264 memorato
1740 3193 1832 3264 bico:
1849 3191 1934 3267 made
1950 3195 2031 3267 unit
2048 3198 2130 3271 mibi
2149 3199 2190 3270 ab

770 3324 858 3394 intus
880 3321 965 3417 ipsas
987 3319 1188 3392 eoberentias
1210 3319 1327 3390 exinde
1350 3317 1482 3412 aliquod
1504 3319 1658 3390 remansit
1680 3329 1737 3390 aot
1759 3319 1923 3398 resorberi
1947 3345 2005 3394 nee
2027 3323 2062 3394 in
2084 3324 2188 3397 aliena

770 3450 927 3544 cuiusque
949 3469 1086 3543 persona
1108 3445 1198 3542 quod
1220 3445 1302 3540 apsit
1324 3446 1486 3518 commisit
1500 3455 1556 3518 aut
1571 3447 1638 3516 iam
1651 3445 1890 3519 commistimus
1912 3459 2119 3542 potestatemt
2139 3461 2189 3522 set
2228 3457 2239 3467 ”

770 3599 789 3644 ι
813 3573 953 3668 presenti
975 3572 1028 3644 die
1051 3579 1083 3642 et
1106 3571 1281 3664 deinoeps:
1306 3593 1325 3640 a
1347 3591 1402 3640 me
1424 3571 1518 3644 robis
1540 3572 1727 3644 memoratis
1749 3575 1874 3666 iugales
1894 3575 1936 3644 sit
1951 3575 2026 3645 illos
2048 3599 2187 3648 renom-

769 3701 881 3772 datum
903 3707 937 3770 et
959 3695 1113 3770 traditum
1135 3695 1170 3768 in
1194 3705 1327 3770 vestra:
1357 3696 1535 3790 rastrisque
1569 3695 1741 3768 heredibus
1765 3698 1806 3768 sit
1834 3709 2022 3793 potestatem
2055 3725 2187 3798 queque

767 3823 884 3896 exinde
906 3823 1011 3894 iaoere
1034 3817 1226 3893 volueritis:
1254 3826 1287 3888 et
1309 3841 1416 3912 neque
1440 3842 1459 3887 a
1481 3841 1535 3889 me
1557 3828 1737 3890 memorato
1760 3818 1855 3892 leone
1877 3823 2011 3894 ferrario
2035 3846 2141 3918 neque
2166 3849 2184 3896 a

766 3951 849 4026 meis
868 3947 1042 4024 heredibus
1065 3971 1126 4021 nec
1148 3971 1167 4018 a
1191 3945 1285 4018 nobis
1309 3946 1451 4041 personis
1474 3945 1652 4020 summissis
1675 3947 1767 4017 nullo
1782 3955 1928 4042 tempore
1944 3973 2109 4046 nusquam
2124 3974 2183 4022 ros

766 4075 953 4148 memoratis
974 4073 1097 4167 iugales
1120 4081 1177 4145 ant
1199 4069 1314 4142 restris
1337 4068 1526 4142 heredibus:
1545 4068 1635 4163 quod
1650 4069 1731 4163 apsit
1747 4069 1865 4142 abeatis
1880 4071 1997 4144 exinde
2019 4096 2184 4168 qrracum·

766 4225 831 4296 que
852 4200 1069 4296 requesttione
1093 4205 1150 4269 aut
1172 4197 1318 4270 molestia
1341 4221 1361 4268 a
1383 4221 1469 4270 nune
1492 4205 1525 4266 et
1547 4196 1583 4266 in
1596 4196 1777 4291 perpetuis:
1801 4199 2026 4294 temporibusa
2051 4200 2183 4296 insuper

766 4335 799 4396 et
822 4323 864 4394 ab
886 4319 977 4396 omni
999 4319 1132 4392 bomine
1155 4319 1307 4415 omnique
1330 4343 1493 4415 persona:
1519 4321 1609 4394 omni
1633 4330 1778 4417 tompore
1801 4347 1863 4421 ego
1887 4333 2068 4396 memorato
2082 4325 2134 4398 leo
2149 4336 2183 4397 et

764 4446 938 4523 heredibus
960 4441 1043 4520 meis
1064 4445 1159 4518 robis
1188 4445 1367 4542 vestrisque
1394 4445 1593 4520 heredibus:
1618 4449 1692 4520 illos
1712 4450 1748 4522 in
1770 4450 1921 4522 omnibus
1958 4461 2117 4527 antestare
2149 4463 2183 4524 et

765 4577 929 4650 aetenam
951 4571 1126 4646 dranus
1146 4573 1387 4670 propterquod
1410 4575 1518 4670 accepi
1542 4599 1562 4646 a
1584 4574 1679 4648 bovis
1702 4576 1818 4648 exinde
1841 4579 1913 4648 auri
1935 4581 1999 4650 tari
2027 4579 2177 4674 rygintiz

762 4703 844 4774 sieut
867 4699 952 4772 inter
973 4699 1067 4772 novis
1091 4697 1252 4770 eombenit
1274 4697 1302 4770 si
1325 4707 1433 4770 autem
1457 4698 1552 4770 aliter
1572 4699 1743 4772 feeerimus
1766 4702 1807 4773 de
1830 4701 2024 4774 isomnibus
2047 4723 2180 4775 memo-

762 4827 841 4902 ratis
863 4849 922 4924 per
944 4827 1062 4924 quovis
1084 4829 1218 4900 modum
1242 4835 1298 4898 aut
1320 4825 1499 4898 summissis
1522 4827 1687 4921 personis:
1711 4835 1788 4902 tuoe
1810 4852 1970 4924 compono
1994 4853 2056 4924 ego
2071 4839 2104 4902 et
2119 4829 2180 4902 be·

761 4955 893 5030 redibus
914 4957 996 5030 meis
1017 4955 1110 5034 robis
1131 4955 1309 5050 vestrisque
1333 4953 1505 5032 heredibus
1528 4955 1600 5028 auri
1623 4955 1742 5032 solidos
1773 4957 1944 5036 duodecim
1970 4965 2170 5053 ryzanteos:
