4906 6520
1425 633 1569 730 (aee)

784 807 879 854 suum
904 793 937 853 et
960 784 1110 856 omnibus
1133 781 1196 856 sibi
1220 779 1453 876 pertinentibus
1476 785 1654 878 pertinente
1676 781 1758 852 mibi
1781 783 1877 856 sicuti
1901 793 1933 852 et
1956 787 2122 878 quomodo
2150 811 2207 860 eu-

786 917 893 1009 porius
917 913 1035 1006 legitur
1057 935 1116 1005 per
1131 920 1310 983 memorata
1324 909 1470 981 chartula
1492 931 1556 1002 que
1578 907 1670 979 vobis
1689 907 1724 978 in
1740 907 1895 1001 presentis
1911 907 1984 980 dedi
2000 931 2077 980 oum
2094 914 2204 983 omnia

787 1065 852 1133 que
884 1041 1027 1110 continet
1051 1061 1069 1106 e
1092 1060 1146 1108 me
1169 1036 1264 1108 robis
1286 1035 1329 1106 sit
1351 1035 1570 1108 venundatum
1594 1041 1626 1105 et
1648 1035 1803 1105 traditum
1826 1033 1861 1102 in
1883 1042 1989 1105 restra
2022 1039 2199 1131 vmtrisque

789 1167 964 1236 heredibus
987 1165 1050 1234 sint
1081 1169 1274 1254 potestatem
1307 1161 1470 1232 dividendi
1493 1158 1584 1230 votis
1607 1157 1679 1230 illos
1708 1159 1793 1232 inter
1814 1179 1875 1228 uos
1897 1157 1932 1228 in
1956 1158 2085 1250 tertium
2112 1171 2200 1252 parte

791 1291 947 1384 equaliter
970 1286 1103 1357 famuli
1127 1285 1239 1354 omniu
1262 1304 1327 1376 que
1352 1282 1518 1370 volueritis
1541 1283 1682 1358 liberum
1704 1304 1832 1378 semper
1855 1283 1976 1356 abeatis
1993 1292 2205 1376 potestatem:

790 1419 821 1480 et
844 1431 949 1502 neque
963 1431 981 1475 a
996 1415 1243 1476 mememorato
1267 1394 1421 1498 stephano
1444 1407 1626 1486 calciolu‘io
1641 1428 1716 1478 cum
1732 1429 1889 1480 conmusu
1903 1419 2089 1494 memorata,
2100 1413 2199 1481 maria

791 1537 929 1628 coniuge
965 1555 1036 1606 mea
1068 1553 1173 1624 neque
1198 1557 1216 1600 e
1243 1533 1324 1604 meis
1355 1531 1526 1606 heredibus
1548 1555 1606 1606 nec
1629 1558 1649 1604 u
1671 1533 1766 1604 uobis
1797 1552 1966 1626 personum
1999 1537 2201 1608 summissam

792 1656 881 1728 nullo
904 1666 1049 1748 tempore
1072 1675 1215 1746 numqua
1242 1675 1300 1725 ros
1323 1667 1501 1724 memorato
1534 1655 1666 1728 domino
1689 1655 1841 1748 palumbo
1864 1655 2041 1728 venerabili
2064 1658 2202 1750 presby-

794 1795 864 1854 tero
887 1805 946 1876 pro
976 1781 1047 1852 rice
1071 1791 1125 1850 tua
1149 1789 1267 1884 etpro
1290 1780 1361 1852 vice
1393 1782 1521 1853 bisantii
1553 1784 1662 1875 nepoti
1686 1793 1742 1854 tuo
1765 1783 1833 1858 tilio
1857 1793 2035 1856 memorate
2065 1786 2202 1854 rotunde

796 1909 952 1982 monache
986 1929 1140 2001 germana
1172 1915 1228 1978 tua
1251 1929 1343 1978 seum
1366 1915 1399 1978 et
1422 1929 1482 1998 pro
1505 1911 1576 1980 rice
1600 1908 1770 1980 memorati
1794 1907 1926 1976 martini
1952 1909 2071 1978 iterum
2096 1909 2201 2000 nepoti

756 2039 758 2042 ’
797 2042 855 2102 tuo
878 2031 945 2102 tilio
968 2031 1132 2124 quondam
1155 2033 1325 2104 memorati
1349 2032 1454 2124 angeli
1479 2034 1622 2125 germani
1646 2034 1694 2104 tui
1718 2040 1774 2102 aut
1797 2031 1968 2104 heredibus
1983 2032 2096 2104 restris
2117 2031 2206 2124 quod

695 2165 698 2168 ’
759 2227 774 2242 ,
799 2156 881 2226 absit
904 2154 1024 2226 abeatis
1046 2153 1162 2226 exinde
1185 2155 1362 2246 adquam
1385 2177 1589 2248 quacumque
1605 2154 1815 2249 requisitione
1830 2165 1886 2224 aut
1900 2155 2042 2225 molestie
2058 2175 2117 2246 per
2133 2154 2211 2222 nul-

799 2281 869 2350 lum
892 2277 1025 2350 modum
1053 2297 1112 2346 nec
1135 2298 1193 2366 per
1216 2277 1419 2348 summissam
1435 2299 1603 2370 munnam
1627 2302 1646 2346 a
1669 2299 1755 2346 nunc
1778 2287 1810 2346 et
1834 2275 1867 2344 in
1890 2275 2049 2368 perpetuis
2075 2285 2211 2366 tempo-

800 2403 888 2474 ribus
911 2403 1044 2493 lusuper
1066 2409 1099 2472 et
1122 2401 1163 2470 ab
1185 2401 1277 2472 omni
1301 2402 1460 2474 ommines
1487 2403 1642 2494 omnique
1664 2423 1835 2496 personam
1863 2400 2121 2492 omnitempore
2145 2421 2206 2492 ego

803 2536 835 2596 et
857 2525 1031 2598 heredibus
1053 2523 1135 2598 meis
1158 2525 1252 2595 robis
1275 2525 1455 2620 vestrisque
1477 2523 1649 2598 beredibtu
1675 2525 1793 2598 exinde
1822 2526 1857 2598 iu
1878 2523 2031 2597 omuibus
2054 2529 2211 2594 antestare

802 2663 835 2724 et
861 2654 1026 2724 defensam
1056 2653 1229 2723 debeamus
1261 2651 1449 2730 ostendente
1481 2675 1541 2724 vos
1574 2662 1607 2722 et
1629 2651 1801 2726 heredibus
1825 2652 1940 2724 vestris
1965 2650 2046 2721 mibi
2070 2650 2212 2741 meisque

802 2776 975 2848 beredibtu
1005 2782 1183 2848 memorata
1206 2773 1353 2848 chartula
1376 2772 1624 2866 comparationis
1652 2795 1813 2866 meaque
1837 2771 2027 2844 vobisdedi
2051 2772 2212 2865 udsupcr

802 2904 922 2994 legitur
944 2901 1001 2972 ubi
1023 2920 1189 2974 necessum
1212 2900 1396 2973 abuerimus
1420 2909 1453 2970 et
1474 2899 1636 2982 sieuobis
1662 2899 1839 2992 vestrisque
1864 2896 2035 2979 heredibus
2059 2895 2131 2966 illos
2155 2918 2213 2966 en·

803 3035 920 3098 testare
943 3033 977 3095 et
999 3025 1164 3096 defensare
1190 3024 1362 3098 debeamus
1393 3034 1524 3116 propter
1547 3025 1637 3116 quod
1659 3024 1767 3115 accepi
1789 3049 1809 3092 o
1833 3021 1925 3094 vobis
1948 3021 2063 3097 eninm
2086 3023 2121 3098 in
2137 3043 2211 3112 pre·

805 3150 903 3220 sentis
934 3150 969 3218 in
1001 3168 1131 3218 omnem
1167 3145 1328 3218 decisione
1357 3169 1414 3218 seu
1437 3146 1666 3218 deliberatione
1690 3145 1773 3216 ldest
1797 3145 1867 3220 auri
1891 3143 1954 3220 teri
1979 3143 2111 3236 triginta
2132 3147 2214 3214 sicut

809 3273 893 3340 iuter
908 3269 1002 3340 nobis
1015 3269 1197 3343 combenit:
1224 3269 1259 3338 Si
1283 3277 1391 3338 autem
1406 3268 1498 3340 aliter
1511 3269 1679 3340 fecerimus
1693 3268 1733 3346 de
1748 3268 1776 3340 is
1792 3269 1943 3342 omuibus
1957 3266 2145 3339 memoratis
2159 3287 2215 3359 per

809 3393 926 3486 quobis
957 3394 1092 3464 modum
1116 3403 1172 3464 aut
1195 3393 1395 3471 summissam
1425 3417 1594 3488 personam
1618 3406 1693 3472 tunc
1717 3417 1877 3488 compono
1900 3417 1963 3487 ego
1985 3406 2018 3466 et
2046 3389 2216 3466 beredibtu

808 3519 889 3590 meis
922 3517 1014 3592 vobis
1046 3521 1224 3612 vestrisque
1246 3519 1417 3592 heredibus
1441 3521 1512 3596 euri
1535 3521 1652 3593 solidos
1674 3521 1791 3614 uiginti
1814 3521 1975 3614 quadtuor
1997 3519 2214 3614 bytbiauteos:

808 3651 842 3712 et
866 3642 926 3711 bec
949 3640 1093 3712 chartula
1129 3641 1322 3718 venditionis
1345 3643 1389 3714 ud
1412 3643 1648 3736 supertegitur
1671 3645 1714 3714 sit
1735 3644 1828 3726 firme
1862 3643 1978 3737 scripta
2001 3668 2058 3737 per
2081 3665 2213 3716 manum

809 3768 952 3862 gregorii
974 3766 1104 3838 curialis
1127 3791 1186 3860 per
1209 3769 1532 3848 memoratadecima
1545 3769 1781 3868 'indictione†

904 3893 966 3962 hoc
990 3875 1117 3984 siphum
1132 3890 1163 3985 †
1187 3916 1302 3964 manus
1317 3896 1486 3966 memorati
1509 3895 1655 3990 stephani
1667 3897 1860 3970 calciolaril:
1879 3921 1955 3974 cum
1967 3919 2125 3978 consuunt
2141 3919 2215 3968 me-

810 4029 934 4090 morata
956 4020 1058 4090 maria
1091 4019 1228 4112 coniuge
1251 4045 1308 4092 sua
1331 4024 1420 4116 quod
1442 4045 1504 4114 ego
1527 4025 1585 4116 qui
1609 4035 1803 4102 memoratos
1826 4029 1866 4100 ab
1882 4027 1926 4098 eis
1942 4036 2074 4121 rogatus
2085 4049 2145 4118 pro
2168 4027 2216 4096 eis

812 4141 983 4236 suscripsi
1007 4151 1040 4211 et
1063 4143 1234 4212 memorati
1258 4145 1320 4221 tari
1343 4145 1477 4224 traditos
1500 4146 1622 4242 bidi†

909 4265 965 4337 bet
987 4290 1027 4340 oc
1049 4271 1254 4348 memmorati
1278 4293 1389 4348 sumus
1404 4273 1461 4364 qui
1477 4275 1669 4346 venumdedi
1685 4284 1718 4347 et
1732 4275 1849 4348 tradidi
1861 4277 1953 4352 vobis
1970 4287 2002 4350 et
2015 4278 2164 4371 portione
2181 4279 2219 4350 de

813 4388 910 4458 silbos
933 4411 990 4460 seu
1014 4399 1046 4458 et
1070 4392 1109 4460 de
1131 4392 1261 4484 piscinis
1284 4417 1326 4462 ex
1349 4395 1418 4486 ipso
1435 4396 1542 4466 iundo
1564 4397 1759 4488 pertinentes
1775 4401 1813 4470 dc
1831 4401 1944 4470 eodem
1959 4399 2034 4470 lom
2052 4421 2219 4470 muranum

814 4537 890 4584 cum
914 4502 1161 4604 introitassuas'
1178 4529 1213 4598 et
1233 4520 1466 4600 omuibus-sibi
1485 4523 1722 4613 pertinentibus
1745 4525 1772 4596 si
1796 4535 1903 4598 eutem
1927 4527 2019 4598 aliter
2050 4529 2220 4600 fecerimus

814 4639 874 4709 sub
898 4647 1074 4712 memoratu
1097 4663 1200 4734 pocus
1224 4665 1409 4729 maneamus
1434 4643 1465 4738 †

909 4762 940 4854 †
964 4785 1025 4858 ego
1048 4766 1172 4856 sergius
1196 4767 1280 4854 iilius
1304 4765 1427 4844 doruini
1449 4767 1560 4840 stefani
1583 4779 1715 4860 rogatus
1730 4795 1748 4842 e
1763 4775 1996 4868 suprascriptos
2010 4775 2133 4870 iugales
2150 4774 2219 4846 testi

816 4885 988 4980 subscripsi
1010 4895 1043 4968 et
1065 4887 1272 4988 suprascripti
1296 4889 1357 4965 tui
1381 4889 1513 4960 traditos
1536 4890 1603 4962 bidi
1628 4889 1658 4982 †
1838 4883 1850 4902 ‘
