4906 6520
951 681 1103 775 (ssa)

328 841 474 926 tempore
497 855 652 928 nunquan
675 842 712 906 tu
736 844 916 908 memorato
939 835 1073 910 domino
1096 859 1174 911 urso
1202 849 1259 914 aut
1289 838 1461 914 heredibus
1477 843 1541 916 tuis
1557 848 1646 939 quod
1660 851 1744 922 absit

329 959 448 1031 abeatis
471 957 588 1030 exinde
612 957 786 1052 aliquando
808 983 1014 1057 quacumque
1036 961 1248 1058 requisitione
1271 971 1328 1035 aut
1351 963 1500 1037 molestia
1524 989 1645 1040 anunc
1661 980 1694 1042 et
1710 971 1745 1042 in

327 1085 491 1181 perpetuis
527 1085 749 1178 temporibust
784 1085 915 1182 insuper
945 1089 1036 1160 omni
1059 1097 1206 1184 tempore
1228 1111 1289 1164 nos
1312 1101 1345 1166 et
1367 1093 1503 1186 posteris
1532 1097 1652 1167 nostris
1683 1095 1743 1167 tibi

328 1211 475 1306 tuisque:
498 1209 671 1284 heredibus
694 1211 813 1284 exinde
835 1211 876 1283 ab
898 1215 989 1286 omni
1012 1214 1156 1286 ommino
1179 1215 1334 1312 omniqua
1364 1219 1510 1310 personis
1535 1223 1570 1292 in
1595 1194 1746 1294 omnibus

328 1347 485 1410 antestare
508 1347 542 1408 et
564 1336 729 1412 defensare
752 1339 948 1414 dobeamnsa
980 1351 1113 1436 propter
1145 1343 1235 1438 quod
1262 1344 1380 1417 exinde
1404 1346 1586 1440 accepimus
1610 1373 1628 1416 a
1653 1357 1685 1419 te
1708 1349 1744 1420 in

326 1463 671 1560 commutationisque)
687 1465 1075 1562 recompensationisquc:
1094 1468 1175 1539 idest
1197 1467 1324 1563 integra
1346 1490 1412 1540 una
1434 1463 1521 1562 phtia
1544 1471 1584 1544 de
1599 1473 1745 1545 fundac-

327 1590 579 1690 eufumtuum:
612 1591 717 1686 posita
739 1592 775 1664 in
798 1603 980 1665 memorato
1003 1592 1097 1666 loco:
1129 1615 1195 1666 nna
1218 1617 1295 1668 cum
1318 1595 1488 1668 erroribus
1512 1597 1686 1670 fructiferis
1709 1609 1742 1670 et

326 1737 402 1788 aum
425 1717 594 1788 introitum
614 1739 711 1788 suum
733 1729 768 1792 et
790 1717 941 1791 omnibus
963 1717 1025 1790 sivi
1049 1717 1300 1812 pertinentibus:
1323 1729 1358 1792 et
1379 1720 1512 1796 coberet
1535 1723 1598 1794 sivi
1622 1735 1655 1796 at
1674 1745 1743 1796 me-

326 1853 452 1917 morata
475 1842 595 1937 petiole
617 1844 658 1916 de
682 1853 900 1917 memoratum
921 1844 1154 1918 funduocnlum
1178 1843 1218 1914 da
1241 1841 1345 1916 tribus
1358 1843 1504 1936 partibus
1518 1847 1654 1920 brndum
1670 1872 1740 1922 me·

324 1971 443 2043 morati
465 1969 566 2042 sensti
590 1981 624 2040 et
646 1968 838 2042 cunabilis
868 1968 971 2040 nostri
994 1968 1181 2042 mensurii
1203 1979 1294 2064 parte
1320 1971 1454 2043 orientis
1476 1980 1509 2042 et
1531 1983 1623 2065 parte
1646 1975 1740 2046 occi·

325 2095 429 2168 dentis
451 2107 485 2170 et
508 2107 599 2193 parte
622 2097 822 2172 meridianae
847 2107 880 2171 et
902 2097 944 2170 ds
966 2096 1031 2170 aiio
1053 2097 1153 2172 latere
1175 2109 1267 2194 porte
1288 2101 1514 2194 septentrionis
1537 2103 1675 2176 bmdum
1700 2105 1741 2176 de

325 2222 374 2296 iili
397 2222 514 2296 medici
537 2223 577 2296 de
600 2245 666 2320 qua
688 2223 772 2296 nibil
795 2223 855 2296 tibi
878 2224 996 2298 exindo
1018 2224 1149 2321 aliquod
1174 2224 1328 2297 remansit
1352 2233 1408 2299 aut
1429 2227 1616 2300 reservastis
1631 2251 1690 2300 nec
1707 2230 1749 2302 ib
1855 2225 1858 2234 ’

325 2348 444 2420 alienas
467 2368 621 2442 personas
643 2347 851 2422 commisistis
873 2359 1054 2445 potestate:
1086 2359 1120 2420 et
1142 2371 1162 2418 a
1185 2349 1326 2442 presenti
1349 2349 1402 2422 die
1426 2358 1460 2422 et
1483 2350 1631 2445 deinceps
1655 2353 1744 2426 iam-

325 2475 426 2548 dictas
456 2485 636 2549 memorata
668 2476 803 2572 petiolas
833 2479 875 2550 de
906 2487 1124 2550 memoratum
1155 2477 1294 2550 undum
1316 2485 1355 2548 ut
1377 2498 1474 2571 super
1496 2476 1618 2571 legitur
1643 2501 1661 2546 a
1684 2479 1746 2552 tibi

324 2602 418 2676 uobis
440 2602 483 2674 sit
504 2613 738 2676 commutatum
763 2611 798 2678 et
819 2603 994 2674 trudituma
1017 2602 1052 2673 in
1075 2611 1183 2674 restra
1208 2601 1407 2695 vestrisquea
1430 2577 1568 2696 posteris
1591 2606 1633 2676 sit
1648 2613 1740 2696 pote-

324 2735 406 2798 state
429 2747 559 2821 queque
581 2723 700 2798 exinde
724 2724 827 2798 facere
850 2721 1051 2798 voluerimus
1075 2747 1203 2820 semper
1226 2725 1361 2798 liberam
1385 2725 1538 2800 absonam
1563 2735 1741 2820 potestate:

324 2865 358 2928 et
380 2877 488 2951 neque
510 2879 530 2926 a
553 2853 614 2926 tibi
638 2875 744 2950 neque
776 2865 810 2926 at
841 2854 906 2927 tuis
933 2854 1107 2928 heredibus
1138 2877 1200 2927 nec
1231 2879 1250 2925 a
1278 2854 1374 2926 nobis
1395 2855 1542 2949 pomonis
1564 2855 1746 2930 summissis

324 2982 416 3054 nulio
439 2991 585 3078 tempore
608 3003 765 3077 nunquan
795 3003 856 3054 ves
883 2991 1065 3054 memorato
1089 2981 1202 3078 fifippo
1225 2981 1325 3055 umile
1348 2983 1504 3078 igumeno
1527 2993 1585 3058 aut
1606 2985 1744 3079 posteris

220 3109 223 3116 ⁴
325 3109 407 3180 meis
428 3109 518 3204 qued
542 3108 624 3182 absit
655 3109 809 3182 abeamus
840 3109 1016 3206 aliquando
1044 3131 1252 3205 quacumque
1284 3109 1496 3204 requisitione
1520 3119 1577 3182 aut
1599 3110 1750 3183 molestia·

325 3257 343 3302 a
366 3254 453 3304 nune
477 3241 510 3304 ct
533 3233 568 3304 in
591 3233 756 3326 perpetuis
779 3233 981 3327 temporibus
1004 3244 1163 3328 quantum
1187 3245 1221 3306 et
1243 3233 1411 3330 quomodo
1434 3233 1578 3306 continet
1599 3234 1746 3306 chartula

323 3357 592 3431 commutationis
608 3368 720 3430 nostra
743 3379 809 3452 que
832 3367 869 3430 tu
892 3356 987 3428 nobis
1010 3357 1052 3430 ad
1075 3381 1114 3430 ec
1136 3357 1277 3430 fecistisa
1311 3357 1396 3430 siem
1421 3356 1506 3429 iuter
1530 3356 1626 3428 nobis
1649 3377 1746 3428 oom-

323 3486 432 3560 benita
465 3486 494 3558 si
526 3496 635 3560 autem
666 3497 726 3556 nos
753 3494 811 3557 aut
833 3483 970 3578 posteris
1002 3485 1121 3558 nostris
1144 3483 1238 3556 aliter
1260 3485 1433 3557 fecerimus
1455 3488 1496 3557 de
1519 3483 1571 3554 bis
1594 3486 1747 3556 omnibus

323 3615 509 3686 memoratis
532 3622 570 3686 ut
592 3635 690 3706 snper
712 3611 833 3707 legitur
852 3634 911 3706 per
925 3611 1043 3706 qnobis
1060 3609 1194 3682 modum
1211 3621 1269 3684 aut
1282 3613 1462 3684 summissis
1478 3615 1639 3706 personis:
1667 3623 1745 3686 tunc

323 3737 549 3831 componimus
572 3736 633 3807 tibi
657 3735 802 3830 tuisque:
827 3733 999 3810 heredibus
1013 3737 1086 3808 auri
1099 3734 1222 3810 solidos
1244 3735 1394 3832 trigintas
1417 3735 1621 3831 bytbianteos
1636 3746 1668 3810 et
1683 3737 1745 3808 bec

323 3864 468 3936 chartula
491 3861 751 3934 commutationis
775 3871 812 3936 ut
834 3884 932 3956 super
955 3863 1075 3958 legitur
1097 3864 1140 3937 sit
1162 3865 1256 3940 firma
1275 3865 1394 3961 scripta
1409 3887 1468 3960 per
1483 3887 1616 3938 manum
1630 3866 1746 3940 ioban·

324 3994 376 4063 nis
400 3988 532 4062 cunulis
556 4011 615 4084 per
637 3997 816 4058 memorata
839 3987 1016 4096 indictione
1039 3991 1072 4088 †

417 4129 647 4224 ΤΦὼτποσ
671 4092 756 4220 deep
779 4121 836 4196 aad
859 4127 989 4208 orobos
1012 4120 1192 4219 ηγοῦμευοσ
1214 4113 1387 4226 Ιδῖοχειροσ
1410 4131 1540 4226 ἔγραψα
1559 4141 1593 4201 τ’

418 4252 564 4348 †nro
595 4261 686 4326 nuo
717 4227 808 4328 Πῑιῐ
839 4263 900 4328 se
932 4226 1028 4328 aios
1059 4224 1226 4350 ἐόῐιῑῒ

422 4379 453 4474 †
477 4375 517 4448 oi·
539 4387 591 4465 μ011
610 4375 666 4450 καὶ
691 4375 837 4450 cassida
858 4366 958 4477 πρεσῦ
978 4361 1148 4475 ticenoque
1170 4383 1321 4477 ίγραψαι

423 4506 455 4602 †
480 4513 608 4578 λουκασ
630 4527 846 4604 srpseorfrtpoc
869 4515 1008 4599 ευτελησ
1030 4496 1203 4607 ηδιοχτροσ
1225 4515 1422 4605 impendo:

422 4633 454 4730 †
478 4655 542 4726 ego
564 4633 719 4706 iohannes
742 4634 828 4708 filius
852 4635 975 4709 domini
999 4639 1112 4710 stefani
1141 4647 1272 4734 rogatus
1296 4663 1315 4711 a
1338 4639 1568 4734 suprascriptas
1592 4657 1746 4732 personas

329 4755 402 4827 testi
428 4757 600 4851 subscripsi
623 4757 655 4854 †

424 4885 456 4982 †
478 4909 540 4982 ego
564 4887 718 4961 iohannes
732 4891 869 4983 scriptor
884 4902 1016 4987 rogatus
1031 4915 1050 4962 a
1066 4902 1259 4968 memoratas
1272 4913 1423 4988 personas
1439 4892 1512 4966 testi
1526 4885 1743 4992 subscripsi†
