4906 6520
1419 653 1564 753 (104)

1420 938 1563 1012 ocxn.

1370 1195 1498 1266 Christe
1519 1195 1602 1266 lave.
1752 1264 1760 1275 ,

661 1469 714 1516 ³¹¹·
870 1458 961 1554 †1n
983 1455 1116 1529 nomine
1137 1453 1264 1528 domini
1285 1452 1339 1528 dei
1360 1451 1531 1528 salvatoris
1552 1455 1655 1526 nostri
1675 1451 1774 1525 lhesu
1791 1448 1914 1525 Christi
1934 1447 2116 1548 Impereme
2138 1451 2197 1523 do-

638 1578 725 1664 ⁰.9⁰·
779 1583 868 1658 mino
890 1591 1002 1656 nostro
1030 1579 1146 1654 besilio
1176 1601 1297 1675 magno
1324 1579 1523 1674 Imperatore
1552 1601 1638 1652 nnno
1665 1577 1839 1650 tnioesimo
1862 1575 1919 1650 sed
1941 1583 1977 1649 et
1997 1575 2194 1648 oonstentino

778 1731 898 1802 magno
920 1709 1116 1801 Imperatore
1139 1725 1225 1776 enno
1248 1703 1402 1776 vioesimo
1424 1701 1563 1798 septimo
1585 1701 1639 1774 die
1668 1700 1832 1780 trioesimn
1856 1700 1977 1772 mensis
2003 1698 2113 1774 mettii
2139 1701 2195 1774 in-

779 1836 921 1908 dictione
942 1835 1038 1906 terlin
1059 1829 1197 1928 neapoli.
1230 1829 1363 1904 eertum
1389 1837 1442 1902 est
1463 1851 1518 1900 me
1542 1827 1635 1902 utitio
1657 1827 1726 1901 filio
1749 1825 1914 1924 quondum
1935 1827 2021 1924 potui
2043 1827 2132 1900 leoni
2154 1829 2192 1900 ds

780 1963 941 2057 leopergu.
975 1961 1113 2033 evitetur
1143 1979 1223 2032 vero
1250 1959 1283 2030 in
1307 1958 1381 2028 loeo
1403 1956 1463 2053 qni
1485 1964 1622 2029 voeutun
1643 1955 1813 2030 mselerrie
1836 1954 2001 2028 territorio
2024 1955 2191 2052 peduleno.

781 2087 976 2183 Apresenti
1006 2089 1059 2160 die
1089 2087 1250 2186 promieto
1281 2085 1374 2157 vohis
1404 2083 1539 2156 domino
1568 2081 1655 2156 leoni
1678 2081 1855 2158 venerabili
1878 2081 2058 2182 presbitero
2073 2093 2192 2156 emtus

781 2215 913 2287 eoelesie
942 2215 1044 2288 saneti
1070 2213 1230 2286 euthimii.
1253 2221 1386 2310 propter
1408 2213 1516 2306 integr
1539 2211 1704 2305 integmm
1731 2209 1867 2284 undum
1881 2217 1976 2282 enm
2009 2209 2091 2282 iuris
2120 2233 2194 2280 mo·

779 2347 905 2409 monete
928 2337 1061 2409 ecclesie
1083 2345 1189 2412 vestre
1211 2337 1315 2432 posite
1337 2337 1373 2410 in
1395 2341 1575 2408 memorato
1598 2334 1674 2408 loeo
1697 2332 1868 2408 muenia
1888 2333 1987 2410 simul
2008 2343 2043 2404 et
2065 2343 2195 2428 propter

779 2461 904 2553 integre
935 2482 999 2532 une
1029 2457 1116 2554 petie
1147 2457 1188 2532 de
1219 2470 1307 2530 terre
1340 2469 1397 2532 tus
1428 2483 1494 2555 qne
1517 2468 1653 2532 vocatur
1680 2467 1714 2532 et
1736 2479 1853 2559 sempe
1875 2457 1980 2555 posite
2009 2456 2057 2530 ibi
2086 2458 2194 2552 ipsum

777 2582 910 2656 insimul
939 2605 1016 2656 eum
1047 2581 1216 2660 molibus
1246 2592 1280 2655 et
1310 2583 1459 2658 introitus
1490 2605 1565 2656 enen
1596 2581 1815 2680 omnibusque
1847 2581 1913 2660 sivi
1946 2581 2192 2678 pertinentibus.

779 2703 950 2779 oohenente
973 2732 992 2778 e
1015 2715 1231 2780 memoratum
1254 2705 1391 2780 nudum
1412 2731 1433 2777 s
1455 2705 1583 2782 duobus
1605 2705 1760 2786 luendus
1781 2704 1920 2784 funden
1950 2703 2109 2778 humum
2131 2729 2195 2780 ve-

778 2834 851 2906 neri
873 2833 914 2906 de
937 2855 1004 2908 uno
1026 2834 1131 2930 eapite
1153 2831 1290 2908 fundum
1312 2833 1353 2906 de
1378 2831 1426 2906 illi
1449 2831 1576 2906 mulsei.
1593 2856 1636 2906 ex
1651 2834 1716 2908 elio
1738 2833 1843 2928 eapite
1865 2833 1921 2908 vis
1942 2833 2085 2929 publia.
2103 2841 2136 2904 et
2154 2834 2195 2908 sd

778 2962 848 3058 ipen
869 2971 957 3035 term
989 2959 1121 3054 nohenet
1144 2961 1184 3034 de
1206 2985 1274 3036 nno
1297 2959 1398 3036 lutere
1420 2969 1507 3038 terre
1530 2961 1570 3040 de
1592 2961 1643 3038 illi
1665 2959 1919 3056 unigentium.
1942 2962 1984 3038 de
2006 2961 2072 3036 elio
2098 2959 2196 3036 lom

778 3096 812 3160 et
835 3091 875 3162 de
896 3113 966 3162 nno
988 3091 1092 3184 cupite
1116 3100 1202 3161 terre
1224 3091 1372 3188 stephani
1395 3091 1603 3188 neapolitani.
1626 3113 1669 3164 ex
1683 3089 1748 3164 elio
1769 3090 1875 3184 cupite
1889 3089 2098 3185 vunonem.
2114 3111 2195 3187 qum

780 3209 862 3285 ulli
885 3214 1031 3308 meisque
1054 3211 1228 3286 heredibus
1250 3213 1367 3290 dedisti
1390 3225 1424 3289 st
1446 3214 1710 3310 rospometicum.
1734 3215 1773 3289 ln
1796 3237 1836 3290 eo
1859 3223 1974 3288 tenore
1988 3215 2196 3310 quatenusln

780 3360 854 3410 mee
876 3338 1022 3436 meisque
1044 3337 1218 3412 heredibus
1240 3341 1282 3412 sit
1305 3349 1462 3436 potestate
1484 3341 1613 3415 tenendi
1637 3350 1670 3412 et
1683 3341 1873 3416 dominandi
1887 3341 2015 3414 fruendi
2031 3350 2065 3414 et
2079 3363 2196 3412 nome-

780 3461 877 3535 dendi
900 3471 934 3536 et
957 3465 1066 3536 omnin
1089 3471 1123 3536 et
1146 3463 1180 3534 in
1204 3465 1354 3536 omnibus
1380 3487 1478 3560 super
1500 3487 1561 3538 nos
1583 3465 1791 3562 reoolligendi
1813 3464 1901 3538 unde
1923 3465 2045 3538 nullum
2072 3475 2196 3560 pamm

779 3599 817 3662 tu
840 3591 892 3662 vel
914 3591 1050 3685 posteris
1073 3589 1137 3662 tuis
1160 3589 1241 3662 mihi
1265 3589 1411 3691 meisque
1434 3589 1607 3666 herentes
1629 3589 1747 3664 exinde
1769 3591 1924 3686 querulis.
1949 3601 2057 3686 preter
2080 3591 2195 3662 nullo-

779 3716 878 3788 mono
902 3715 1152 3810 prememus
1175 3737 1237 3810 ego
1260 3715 1314 3788 vu
1336 3715 1470 3789 noenu
1492 3687 1574 3790 laen
1597 3739 1655 3812 per
1677 3717 1824 3812 quemn
1854 3715 1987 3790 monum
2018 3737 2074 3788 «ω
2097 3715 2193 3788 neu

779 3842 832 3913 vel
855 3841 979 3938 ubique
1009 3843 1087 3914 dere
1109 3849 1166 3915 aut
1188 3841 1371 3938 subiugum.
1404 3851 1531 3916 tantum
1564 3844 1662 3916 modo
1685 3866 1748 3937 ego
1772 3849 1805 3914 et
1827 3841 1961 3915 heredes
1988 3841 2071 3914 meis
2101 3841 2193 3914 vobit

767 3957 979 4062 ‘metumque
1001 3965 1117 4041 vestris
1141 3974 1176 4042 et
1190 3965 1226 4042 in
1240 3977 1419 4040 memorate
1441 3966 1575 4040 ecelesia
1591 3965 1707 4038 exinde
1722 3965 1814 4037 omni
1829 3987 1937 4039 annuo
1951 3987 2010 4060 per
2026 3963 2197 4038 festivitate

780 4098 889 4164 sancte
911 4092 1013 4162 marie
1035 4089 1076 4162 de
1099 4099 1237 4186 eugusto
1258 4113 1369 4165 mense
1391 4089 1647 4185 responsetieum
1662 4089 1738 4161 dere
1752 4097 1786 4162 et
1808 4089 1992 4184 persolbere
2008 4088 2193 4165 dehemus.

781 4215 863 4287 idest
884 4217 988 4288 lasioli
1010 4217 1105 4290 rubei
1127 4219 1274 4294 modium
1296 4241 1400 4291 unum
1416 4227 1449 4290 et
1463 4225 1593 4314 quantes
1613 4217 1760 4315 quinque
1775 4227 1914 4294 neutum
1929 4227 2078 4318 peretum
2092 4242 2196 4318 noque

782 4343 869 4416 intus
891 4351 984 4436 porte
1008 4353 1187 4417 memorate
1216 4354 1323 4417 vestre
1353 4343 1487 4416 eoelesie
1517 4355 1742 4420 mensuratum
1772 4355 1806 4418 nt
1833 4345 1981 4422 modium
2009 4347 2132 4424 iustum
2157 4349 2198 4420 de

782 4469 1014 4542 comedendum
1047 4478 1080 4540 et
1112 4477 1146 4541 et
1176 4479 1292 4566 quarta
1323 4472 1421 4542 iuste.
1456 4471 1578 4566 ubsque
1611 4473 1701 4546 omni
1736 4472 1975 4550 amaricatione.
2010 4473 2102 4548 etsi
2135 4495 2198 4568 ego

782 4596 835 4670 vel
858 4595 991 4668 heredes
1013 4595 1095 4668 meis
1118 4595 1178 4668 tibi
1200 4596 1254 4667 vel
1277 4603 1311 4665 et
1333 4597 1398 4668 tuis
1421 4599 1557 4692 postelis
1573 4621 1639 4670 non
1662 4599 1883 4674 ntduxerimns
1904 4610 2123 4678 memoratum
2145 4623 2198 4674 re·

782 4723 1000 4818 sponseticum
1023 4729 1061 4793 ut
1084 4745 1181 4816 nuper
1203 4723 1323 4817 legitur
1346 4725 1380 4796 in
1403 4735 1619 4798 memoratum
1642 4731 1853 4802 constitutum
1875 4737 1909 4802 et
1930 4739 2004 4831 post
2025 4731 2096 4825 ipso
2119 4753 2198 4802 eon·

782 4850 892 4922 stitutn
925 4848 1002 4922 illue
1028 4849 1180 4922 beneritis
1205 4860 1261 4922 eut
1289 4851 1470 4923 direxeritis
1494 4865 1527 4923 ut
1550 4855 1755 4949 recolligendi
1791 4867 1882 4930 tune.
1916 4879 1979 4952 ego
2002 4865 2036 4930 et
2064 4855 2198 4930 heredes

786 4975 867 5047 meis
890 4985 922 5046 et
946 4983 1011 5048 tres
1034 4995 1185 5070 personas
1208 4982 1329 5048 vetrae
1345 4986 1377 5049 et
1393 4985 1425 5047 ut
1440 4975 1578 5050 caballos
1602 4987 1724 5052 vestros
1739 4979 1933 5053 munducare
1947 4989 1981 5054 et
1995 4979 2106 5054 vibere
2121 4979 2199 5054 dese
