4906 6520
633 1207 690 1254 sn.
859 1171 890 1267 †
906 1173 944 1244 ln
959 1170 1090 1244 nomine
1105 1167 1228 1243 domini
1244 1168 1296 1242 dei
1312 1167 1478 1238 salvatoris
1496 1165 1597 1236 nostri
1611 1161 1708 1236 Ibesu
1722 1161 1841 1236 Christi
1855 1163 2036 1258 imperante
2053 1161 2185 1238 dondno

619 1319 707 1383 990.
764 1309 876 1376 nostro
900 1299 1016 1371 besilio
1040 1319 1157 1392 magno
1173 1298 1370 1390 Imperatore
1394 1317 1480 1364 anno
1504 1292 1686 1366 tricesimo:
1710 1293 1766 1364 sed
1790 1301 1823 1364 et
1845 1291 2046 1363 constantino
2061 1311 2182 1385 magno

763 1429 961 1521 Imperatore
984 1425 1083 1494 frater
1105 1420 1190 1498 eius:
1214 1443 1300 1491 anno
1319 1417 1474 1492 vicesimo
1488 1417 1643 1516 septimo:
1667 1417 1720 1488 die
1735 1438 1819 1488 nona
1835 1415 1955 1486 mensis
1970 1414 2076 1486 martii
2099 1414 2184 1486 indi-

763 1551 885 1622 ctione:
912 1547 1006 1619 tertia
1029 1546 1175 1640 neapoli:
1199 1546 1332 1618 Certum
1347 1554 1396 1615 est
1412 1567 1472 1615 nos
1488 1542 1644 1637 stephano
1659 1541 1762 1614 filium
1777 1541 1942 1636 quondam
1960 1539 2046 1610 leoni
2062 1549 2095 1611 et
2110 1563 2184 1635 gre-

765 1676 860 1772 gorio
884 1653 947 1745 boc
971 1681 1020 1744 est
1042 1672 1190 1766 genitore
1205 1679 1238 1740 et
1254 1670 1339 1742 filio:
1358 1691 1418 1742 nos
1432 1678 1614 1740 memorato
1630 1668 1769 1764 genitori
1786 1677 1818 1737 et
1834 1667 1915 1739 tilio:
1934 1689 1998 1737 una
2013 1689 2090 1737 cnm
2103 1690 2182 1738 oon·

763 1825 892 1874 sensum
918 1799 1082 1872 eufimmia
1097 1821 1202 1869 nuru:
1225 1805 1258 1868 et
1281 1805 1415 1890 cognata
1438 1807 1566 1870 nostra:
1593 1797 1651 1892 qui
1667 1798 1729 1868 brit
1744 1795 1855 1866 conius
1871 1796 2035 1889 quondam
2050 1796 2179 1866 mertini

763 1927 830 2001 filio
847 1937 880 1996 et
895 1949 1050 2020 germano
1066 1933 1199 1996 nostro:
1224 1923 1453 1997 avitatoribus:
1477 1925 1604 1997 deloco
1618 1925 1677 2019 qui
1693 1923 1879 1995 nominatur
1896 1922 2038 2015 galloro:
2062 1947 2081 1991 a
2108 1945 2182 2016 prc-

764 2055 847 2127 senti
870 2054 943 2125 die:
959 2052 1163 2148 proptissimn
1178 2051 1377 2123 voluntatem
1392 2076 1401 2121 :
1427 2049 1704 2123 Venur'ndedimus
1719 2058 1752 2122 et
1767 2049 1957 2121 tradidimus
1972 2050 2033 2120 tivi
2041 2051 2184 2122 domino

764 2181 872 2276 sergio
896 2179 1073 2253 venerabili
1096 2179 1333 2273 presbiterum:
1359 2178 1464 2251 filium
1487 2180 1652 2274 quondam
1841 2179 1922 2250 idest
1946 2201 2011 2249 una
2033 2179 2119 2272 petia
2144 2179 2184 2252 dc

764 2319 850 2380 terra
874 2316 1001 2378 nostra:
1035 2329 1098 2400 que
1121 2307 1324 2378 nominatur:
1357 2308 1565 2400 nepotianum
1588 2306 1711 2401 posita:
1735 2307 1769 2377 in
1785 2315 1964 2377 memorato
1988 2306 2080 2376 loco:
2104 2328 2178 2378 scu:

763 2431 1031 2504 venundedimus
1054 2430 1115 2500 tivi
1131 2441 1164 2500 et
1178 2431 1328 2523 portione
1351 2441 1479 2502 nostra:
1498 2429 1538 2502 de
1554 2429 1692 2504 undum
1707 2453 1900 2504 commune:
1916 2441 2078 2504 nostrum:
2095 2434 2186 2504 etde

763 2557 834 2629 aliis
849 2554 1055 2627 bominibus:
1079 2554 1182 2648 posita
1204 2553 1239 2626 in
1253 2554 1369 2626 eodem
1384 2555 1456 2627 loco
1471 2579 1536 2628 una
1551 2579 1627 2628 cum
1644 2557 1813 2628 arboribus
1831 2567 1864 2628 et
1880 2557 2028 2628 introitus
2044 2581 2178 2630 earum:

762 2692 795 2754 et
818 2679 969 2750 omnibns
992 2677 1055 2748 sivi
1077 2677 1311 2771 pertinentibus
1334 2679 1392 2775 qui
1416 2679 1549 2750 coberet
1582 2687 1616 2752 et
1637 2687 1815 2750 memorate
1838 2679 1923 2771 petia
1947 2677 1988 2748 de
2011 2687 2118 2750 terra:
2142 2681 2185 2750 ab

761 2829 826 2878 una
848 2819 939 2900 perte
961 2814 1048 2877 terra
1073 2805 1207 2878 ecclesia
1230 2806 1332 2876 sancti
1355 2808 1487 2877 severi:
1514 2807 1555 2878 ab
1579 2805 1642 2877 alia
1665 2815 1756 2901 parto
1787 2805 1919 2876 ooberet
1950 2815 2036 2876 terra
2059 2805 2100 2878 de
2122 2806 2180 2877 illu

760 2930 1015 3024 palamenestra:
1042 2929 1083 2999 ab
1107 2929 1170 3000 adia
1192 2937 1284 3023 parte
1307 2928 1440 3004 coheret
1464 2939 1551 3002 terra
1575 2929 1615 3002 de
1637 2930 1697 3001 illu
1712 2929 1923 3023 pantaleone:
1940 2929 2035 3000 sicuti
2049 2929 2181 3004 interce

759 3056 843 3150 sepis
867 3065 900 3128 et
923 3059 1059 3128 fossatus
1091 3056 1231 3126 exfinat:
1255 3055 1295 3126 ab
1320 3056 1382 3126 alia
1419 3067 1509 3150 parte
1533 3068 1619 3128 terra
1643 3059 1683 3130 de
1707 3063 1885 3128 memorate
1915 3053 2049 3126 eeclesia
2082 3057 2182 3130 sancti

759 3179 887 3250 severi:
912 3180 1004 3251 Unde
1028 3178 1111 3254 nihil
1136 3180 1230 3250 novis
1254 3176 1391 3252 exinde:
1418 3177 1552 3275 aliquod
1576 3179 1751 3250 remansit:
1778 3187 1834 3250 out
1856 3177 2106 3252 reserbarimns:
2121 3201 2181 3252 nec

759 3306 793 3374 in
818 3303 920 3374 aliena
944 3304 1100 3398 cuiusque
1123 3327 1281 3398 persona:
1305 3306 1395 3400 quod
1418 3307 1500 3401 apsit
1523 3307 1744 3377 commisimus
1767 3316 1823 3378 aut
1846 3307 1911 3376 iam
1944 3306 2180 3382 commissimus

757 3439 966 3524 potestatem:
992 3440 1041 3502 set
1065 3457 1083 3502 a
1106 3433 1248 3527 presenti
1273 3433 1350 3506 die:
1377 3441 1410 3504 et
1434 3433 1603 3527 deinceps:
1631 3433 1767 3506 enoris
1791 3432 1851 3506 tiri
1874 3433 1918 3503 sit
1940 3431 2013 3503 iilos
2037 3455 2180 3510 venum-

757 3552 868 3625 datum
892 3562 925 3624 et
947 3555 1126 3625 traditum:
1152 3556 1188 3626 in
1212 3565 1268 3626 tua
1291 3555 1419 3651 tuisque
1435 3555 1605 3627 heredibus
1621 3556 1663 3626 sit
1677 3563 1868 3648 potestatem
1885 3554 2045 3650 quidquid
2061 3554 2178 3627 exindo

756 3683 861 3752 iacere
886 3680 1075 3758 volueritis:
1102 3703 1230 3778 semper
1252 3684 1389 3755 liberam
1405 3684 1524 3756 abeatis
1540 3692 1748 3778 potestatem:
1763 3692 1797 3756 et
1810 3706 1916 3778 nequo
1931 3707 1950 3754 a
1964 3683 2057 3754 novis
2071 3707 2177 3780 neque

755 3829 774 3876 a
798 3807 936 3879 nostris:
961 3807 1134 3880 heredibus
1157 3833 1218 3882 nec
1240 3835 1260 3878 a
1283 3810 1377 3882 novis
1400 3811 1546 3904 personis
1569 3813 1747 3884 summissis
1775 3811 1865 3883 nullo
1896 3819 2061 3906 tempore:
2090 3831 2178 3883 nuc-

602 3959 608 3970 ·
667 3995 668 3998 ,
720 3981 722 3986 -
753 3955 852 4026 quam
874 3941 912 4004 tu
935 3944 1114 4008 memorato
1136 3937 1268 4009 domino
1292 3937 1399 4032 sergio
1431 3937 1665 4032 presbiterum:
1689 3947 1745 4008 aut
1768 3939 1834 4009 tuis
1858 3937 2054 4010 heredibus:
2088 3935 2176 4030 quod

755 4061 836 4153 :psit
858 4061 978 4132 arentis
1001 4063 1138 4134 exinde:
1165 4087 1371 4161 quacumque
1397 4066 1606 4160 requisitione
1630 4075 1687 4137 aut
1710 4065 1857 4135 molestia
1874 4089 1894 4134 a
1909 4073 2043 4136 nuncet
2064 4065 2175 4158 inper-

752 4186 858 4280 petuis
890 4190 1107 4280 temporibus:
1145 4191 1276 4284 insuper
1299 4202 1332 4262 et
1357 4191 1399 4261 ab
1423 4193 1513 4262 omni
1542 4191 1676 4263 bomine
1709 4191 1865 4285 omnique
1895 4212 2051 4287 persona:
2084 4191 2174 4262 omni

751 4323 899 4406 tempore
916 4335 925 4381 :
952 4335 1013 4383 nos
1035 4329 1215 4388 memorato
1239 4319 1386 4412 genitore
1402 4329 1435 4391 ct
1450 4319 1518 4390 filio
1541 4318 1713 4391 heredibus
1730 4321 1869 4390 nostris:
1886 4319 1946 4390 tivi
1962 4319 2091 4412 tuisque
2108 4317 2173 4389 be-

750 4437 902 4509 redibus:
930 4437 1003 4508 illos
1025 4437 1059 4512 in
1083 4439 1231 4511 omnibus
1255 4453 1412 4515 antestare
1436 4454 1469 4514 et
1492 4444 1656 4514 defensare
1690 4445 1887 4516 deveamus:
1923 4452 2055 4542 propter
2084 4441 2173 4538 quod

752 4565 934 4660 accepimus
956 4589 976 4633 a
999 4575 1030 4638 te
1054 4565 1187 4638 exinde:
1214 4567 1296 4638 idest
1319 4567 1390 4638 nuri
1407 4567 1469 4637 tari
1485 4569 1663 4642 triidecim:
1677 4571 1761 4642 sicut
1775 4571 1860 4643 inter
1875 4570 1970 4642 novis
1985 4569 2168 4641 combenit:

749 4690 776 4760 si
802 4699 911 4762 autem
935 4689 1027 4758 aliter
1050 4689 1219 4762 fecerimus
1244 4690 1283 4761 de
1307 4691 1334 4760 is
1358 4691 1509 4764 omnibus
1532 4695 1718 4764 memoratis
1741 4719 1800 4789 per
1823 4694 1940 4789 quovis
1964 4693 2099 4767 modum
2115 4703 2171 4764 aut

750 4818 926 4892 summissis
950 4819 1117 4912 personis:
1141 4829 1218 4889 tunc
1241 4817 1466 4912 componimus
1481 4841 1539 4891 nos
1564 4833 1596 4890 et
1617 4821 1787 4892 heredibus
1803 4821 1921 4893 nostris
1937 4845 1946 4890 :
1965 4821 2026 4892 tivi
2041 4819 2169 4914 tuisque

748 4944 936 5021 heredibus:
952 4949 1021 5018 auri
1040 4946 1159 5019 solidos
1171 4946 1281 5019 decem
1298 4946 1517 5041 sptbianteos:
1533 4959 1566 5020 et
1582 4947 1640 5018 hcc
1653 4947 1799 5022 chartula
1811 4947 2003 5023 venditionis
2015 4956 2054 5020 nt
2070 4969 2166 5042 super
