4906 6520
935 639 1074 736 (trs)

935 927 1087 1000 CCXXV.

392 1173 484 1268 †ln
507 1173 638 1244 nomine
662 1175 785 1246 domini
808 1175 861 1247 dei
883 1175 1051 1276 salvatoris
1074 1176 1176 1246 nostri
1199 1175 1295 1247 lbesu
1318 1173 1438 1246 Christi
1461 1177 1642 1268 lmperante
1658 1176 1718 1246 do-
1792 1189 1842 1238 an.

296 1298 387 1370 mino
419 1305 531 1368 nostro
562 1296 677 1370 basilio
709 1319 829 1393 magno
851 1301 1048 1392 Imperatore
1072 1319 1156 1367 anno
1182 1299 1344 1370 tricesimo
1366 1295 1473 1390 primo
1495 1298 1553 1368 sed
1576 1309 1609 1370 et
1631 1319 1715 1368 con·
1767 1303 1853 1364 991.

298 1425 439 1497 stantino
462 1425 560 1497 irater
583 1428 654 1498 eins
676 1447 795 1520 magno
818 1426 1016 1520 Imperatore
1038 1445 1123 1494 anno
1148 1423 1304 1496 vicesimo
1330 1421 1471 1495 boctabo
1489 1424 1541 1494 die
1558 1425 1719 1496 tricesima

297 1551 416 1622 mensis
440 1549 549 1643 aprilis
572 1550 746 1622 indictione
768 1559 884 1643 quarta
907 1547 1054 1642 neapoli:
1079 1547 1211 1619 Certum
1235 1555 1284 1618 est
1307 1571 1366 1620 nos
1390 1551 1491 1622 besu
1514 1549 1580 1622 filia
1603 1571 1717 1644 quon-

300 1672 376 1744 dam
399 1672 486 1745 leoni
510 1673 664 1745 dmctone
696 1675 754 1768 qui
777 1675 839 1744 luit
862 1673 903 1743 de
926 1673 999 1742 loco
1023 1670 1081 1766 qui
1104 1681 1241 1742 vocatur
1264 1671 1349 1741 curti
1372 1681 1405 1742 et
1429 1671 1583 1744 iohannes
1606 1695 1647 1743 oc
1671 1681 1719 1743 est

299 1799 456 1892 genitrice
478 1807 511 1871 et
533 1797 602 1870 fibo
625 1799 746 1870 coniux
770 1819 847 1868 curn
861 1794 929 1868 tilio
945 1795 1078 1889 quidem
1100 1795 1228 1888 sparoni
1251 1793 1422 1864 monaehi:
1446 1797 1477 1864 A
1500 1801 1641 1889 presenti
1666 1799 1719 1870 die

297 1921 515 2014 promtissima
538 1921 715 1991 bolomtate
738 1920 1012 1992 Venumdcdimus
1036 1926 1069 1985 et
1092 1915 1283 1987 tradidimus
1306 1914 1367 1986 tibi
1387 1915 1500 1986 sillicta
1524 1917 1589 1987 tilia
1612 1941 1739 2012 quon-¹

297 2045 373 2116 dam
388 2043 547 2118 lobannis
571 2049 657 2118 ldest
672 2048 797 2141 integra
813 2069 878 2117 una
893 2046 979 2139 petia
994 2047 1034 2116 de
1048 2051 1134 2114 terra
1148 2053 1258 2116 nostra
1274 2065 1338 2136 que
1353 2043 1540 2114 nominatur
1556 2065 1628 2114 casa
1643 2067 1719 2115 me-

298 2171 364 2241 iora
388 2172 492 2265 posita
516 2173 551 2244 in
574 2173 648 2245 loco
671 2175 729 2268 qui
751 2175 938 2246 nominatur
972 2171 1192 2256 serofilianum
1223 2193 1288 2242 una
1314 2191 1390 2240 curn
1414 2167 1583 2240 arboribus
1606 2179 1639 2240 et
1662 2171 1720 2242 in·-

297 2297 432 2369 troitum
455 2321 552 2370 suum
576 2307 609 2369 et
632 2299 782 2370 omnibus
805 2299 867 2370 sivi
890 2297 1124 2393 pertinentibus
1147 2295 1329 2390 pertinente
1355 2293 1449 2364 nobis
1472 2317 1531 2388 per
1555 2296 1718 2390 qnondam

296 2419 469 2490 memorati
492 2419 581 2494 leoni
605 2431 637 2493 et
659 2423 763 2492 marin
786 2423 987 2516 genitoribus
1011 2432 1044 2492 et
1068 2421 1147 2492 abiis
1171 2419 1290 2492 nostris
1313 2417 1371 2512 qui
1396 2427 1428 2487 et
1452 2413 1584 2489 coheret
1600 2420 1662 2490 sivi
1677 2421 1718 2489 nb

297 2563 364 2611 nno
389 2541 491 2636 ,latere
523 2554 608 2615 terra
640 2545 771 2638 quidem
801 2545 950 2614 iohannis
981 2543 1106 2636 cuparii
1138 2542 1196 2636 qui
1219 2541 1407 2612 nominatur
1430 2540 1565 2611 borboni
1588 2553 1622 2612 et
1645 2544 1718 2616 abet

298 2665 417 2738 mitem
440 2669 481 2740 de
503 2669 706 2764 longitudine
728 2672 813 2764 passi
837 2672 968 2763 triginta
991 2678 1056 2739 tres
1080 2679 1112 2738 et
1136 2691 1179 2738 ex
1199 2667 1263 2738 alio
1278 2667 1378 2740 latere
1392 2667 1524 2738 noberet
1538 2678 1624 2738 terra
1638 2669 1716 2739 boni

296 2789 396 2861 isabri
419 2792 477 2888 qui
500 2793 687 2865 nominatur
710 2815 899 2888 capograssa
922 2802 956 2864 et
979 2791 1052 2861 abet
1074 2791 1197 2862 ibidem
1212 2791 1252 2861 de
1267 2789 1469 2884 longitudine
1484 2791 1569 2884 passi
1586 2791 1716 2884 triginta

299 2939 402 2988 unum
426 2929 460 2990 et
483 2919 522 2994 de
546 2941 613 2992 uno
637 2921 741 3014 capite
764 2919 896 2992 coheret
918 2929 1004 2990 terra
1027 2919 1160 3014 quidem
1183 2916 1333 2988 iohannis
1356 2918 1491 2988 deatone
1515 2941 1669 3012 germano
1684 2928 1717 2988 et

296 3043 366 3115 tbio
399 3055 520 3118 nostro.
554 3057 587 3119 et
618 3047 691 3118 abet
722 3047 842 3120 ibidem
865 3047 906 3118 de
928 3047 1097 3118 latitudine
1120 3045 1205 3138 passi
1228 3045 1380 3116 undecim
1403 3053 1436 3114 et
1459 3069 1502 3116 ex
1525 3044 1589 3118 alio
1613 3047 1716 3138 capite

295 3171 427 3244 :oneret
459 3175 513 3246 via
535 3173 665 3267 publica
697 3185 730 3245 et
761 3175 834 3244 abet
858 3175 978 3244 ibidem
1002 3173 1150 3244 similiter
1173 3173 1214 3243 de
1237 3167 1405 3244 latitudine
1429 3173 1512 3263 passi
1535 3173 1714 3241 undecim:

295 3297 467 3366 memorati
491 3319 571 3366 vero
594 3297 730 3366 homnes
752 3298 836 3390 paesi
860 3296 1035 3366 mensurati
1050 3305 1125 3364 sunt
1149 3305 1181 3364 at
1204 3316 1338 3387 passum
1360 3296 1503 3364 terreum
1518 3305 1625 3364 sancte
1640 3301 1717 3376 nei-

293 3419 433 3510 politane
465 3418 607 3492 ecclesie.
639 3420 733 3493 Unde
766 3419 847 3490 nihil
879 3420 972 3490 nobis
1006 3421 1123 3492 exinde
1157 3419 1290 3514 aliquod
1313 3421 1468 3492 remansit
1492 3431 1547 3490 aut
1570 3423 1716 3494 reserba-

294 3545 403 3617 bimus
426 3568 486 3617 neo
509 3547 544 3617 in
568 3545 670 3618 aliena
694 3547 850 3644 cuiusque
865 3571 1016 3641 personas
1031 3549 1120 3641 quod
1137 3547 1219 3617 absit
1234 3546 1457 3616 commisimus
1473 3557 1529 3617 aut
1543 3547 1608 3618 iam
1625 3571 1717 3618 com-

295 3671 442 3740 mitimus
473 3677 664 3762 potestatem
695 3679 744 3740 set
776 3695 795 3740 a
825 3670 964 3762 presenti
988 3668 1040 3738 die
1063 3676 1096 3740 et
1119 3667 1271 3760 deinceps
1294 3667 1517 3759 prenominata
1541 3681 1717 3741 memorata

296 3795 422 3885 integra
443 3813 509 3862 una
531 3793 618 3884 petia
642 3792 682 3862 de
705 3805 883 3864 memorata
907 3803 993 3862 terra
1017 3815 1081 3862 una
1104 3814 1180 3862 eum
1204 3789 1372 3860 arboribus
1389 3797 1422 3858 et
1437 3789 1605 3860 introitum
1620 3814 1716 3863 suum

297 3928 328 3986 et
353 3914 505 3986 omnibus
537 3915 598 3983 sivi
620 3915 855 4008 pertinentibus
876 3927 911 3984 et
932 3917 1026 3986 sicuti
1051 3916 1110 3984 tibi
1135 3916 1208 3987 illos
1231 3940 1290 4007 per
1315 3923 1493 3985 memorate
1516 3915 1717 3990 coherenties

297 4049 329 4107 et
352 4061 411 4132 per
435 4037 622 4106 memoratis
645 4037 729 4129 passi
752 4036 985 4108 insinuabimus
1008 4036 1091 4106 sient
1115 4038 1265 4130 superius
1288 4039 1406 4131 legitur
1432 4062 1451 4106 a
1475 4039 1566 4110 nobis
1591 4041 1650 4111 tibi
1674 4042 1717 4112 sit

297 4163 529 4236 venumdatum
552 4174 585 4234 et
608 4164 762 4237 traditum
785 4163 820 4234 in
844 4173 899 4235 tua
923 4165 1052 4260 tuisque
1076 4163 1249 4236 heredibus
1273 4165 1336 4236 sint
1351 4174 1541 4259 potestatem
1557 4166 1716 4261 quidquid

296 4291 412 4362 exinde
435 4292 541 4364 lacere
567 4292 733 4363 volueritis
759 4293 800 4362 ab
826 4293 957 4364 odierna
971 4293 1022 4364 die
1037 4317 1161 4388 semper
1185 4293 1322 4365 liberam
1338 4292 1458 4364 abeatis
1475 4301 1668 4386 potestatem
1683 4303 1718 4364 et

296 4439 401 4510 neque
425 4439 445 4485 a
467 4417 562 4487 nobis
585 4428 763 4488 memorata
787 4417 884 4490 drosu
908 4431 941 4489 et
968 4419 1123 4492 iohannes
1140 4444 1179 4490 oc
1195 4431 1244 4493 est
1260 4421 1414 4516 genitrice
1434 4430 1466 4490 et
1480 4419 1548 4490 filio
1564 4441 1669 4512 neque
1685 4427 1717 4488 at

298 4539 417 4614 uosuis
440 4538 613 4612 heredibus
637 4564 696 4613 nec
716 4542 841 4613 anobis
865 4545 1009 4637 personis
1026 4547 1203 4616 summissis
1220 4543 1310 4614 nullo
1327 4552 1469 4637 tempore
1484 4564 1663 4636 numquam
1678 4553 1715 4613 tu

297 4679 476 4740 memorata
507 4670 622 4741 sillicta
657 4685 713 4746 aut
744 4673 916 4746 heredibus
948 4676 1011 4746 tuis
1036 4677 1123 4770 quod
1148 4677 1231 4746 absit
1260 4673 1379 4744 abeatis
1404 4673 1520 4744 exinde
1544 4671 1718 4764 aliquando

297 4823 501 4897 quacumque
525 4803 742 4897 requesitione
766 4813 821 4874 aut
845 4803 991 4874 molestia
1014 4828 1072 4896 per
1092 4803 1218 4874 nullum
1241 4803 1375 4880 modum
1391 4825 1451 4872 nec
1466 4825 1524 4894 per
1539 4799 1718 4882 summissis

297 4928 442 5022 personis
475 4953 493 4998 a
518 4953 581 5002 nuc
605 4941 637 4998 et
661 4931 696 5001 in
720 4932 883 5028 perpetuis
909 4931 1129 5027 temporibus:
1162 4933 1296 5025 insuper
1320 4929 1410 4999 omni
1433 4936 1578 5022 tempore
1602 4949 1662 5002 nos
1685 4933 1718 5000 et

541 5057 609 5130 Vol.
635 5057 703 5136 111.
1343 5067 1384 5132 1⁵
