4906 6520
1423 711 1562 811 (196)

791 885 888 980 ligari
926 889 959 956 et
987 819 1102 951 ¹*stefani
1121 829 1329 970 'neapolitani
1356 871 1401 940 in.
1414 871 1578 961 integrum
1601 860 1796 935 benumdedi
1821 859 1860 928 ad
1886 859 2119 953 possessionem
2143 881 2207 930 re-

709 1067 711 1074 .
793 1019 893 1080 stram
917 1006 1013 1078 etde
1037 1001 1167 1076 restris.
1180 1049 1191 1072 .
1204 1050 1239 1088 .,.
1251 1047 1381 1070 ......
1389 1005 1422 1069 et
1444 990 1626 1090 possidendi
1651 997 1683 1060 et
1706 987 1844 1059 faciendi
1867 985 1984 1055 exinde
2005 983 2116 1053 omnia
2140 1008 2204 1080 que

790 1134 883 1206 vohis
906 1131 1071 1227 placuerit
1095 1127 1180 1200 uude
1203 1125 1286 1195 inira
1310 1120 1457 1216 superius
1480 1119 1599 1190 dieitur
1610 1159 1952 1187 ...............
1975 1119 2008 1179 et
2032 1109 2096 1180 iam
2120 1110 2202 1181 dicte

791 1269 856 1360 tres
879 1255 962 1349 petie
985 1253 1025 1324 de
1048 1261 1132 1322 terre
1156 1271 1221 1345 que
1243 1245 1338 1318 robis
1359 1241 1508 1337 superius
1529 1237 1737 1312 henumdedi.
1765 1255 1824 1330 nee
1849 1232 1930 1304 mihi
1954 1231 2012 1326 qui
2028 1251 2125 1324 supra
2139 1233 2203 1302 do·

660 1429 664 1437 ·
790 1381 856 1452 nati
880 1403 939 1450 nee
965 1379 1080 1450 uxori.
1094 1427 1103 1448 .
1117 1378 1132 1446 .'
1142 1421 1340 1448 .........
1348 1361 1475 1442 ¹exinde
1500 1365 1619 1438 nullam
1643 1361 1816 1436 reserbabi.
1839 1371 1887 1434 set
1910 1369 2044 1430 euntem
2068 1367 2102 1428 et
2125 1357 2202 1428 inte-

791 1523 886 1596 grum
911 1503 997 1596 ipsus
1021 1499 1114 1572 robis
1136 1498 1328 1571 benumdedi
1352 1497 1435 1568 sieut
1458 1489 1697 1588 supradiximus
1713 1533 2101 1562 .................
2107 1537 2123 1550 ..
2139 1529 2148 1548 ·
2162 1533 2193 1552 ..

790 1625 975 1696 benditioue
1008 1623 1248 1696 manifestorum
1274 1643 1336 1714 ego
1359 1621 1417 1714 qui
1440 1637 1537 1709 supra
1560 1615 1694 1709 donatus
1717 1610 1865 1684 henditor
1888 1611 1974 1712 quia·
1989 1610 2025 1680 in
2048 1609 2203 1702 presentis

790 1753 910 1848 raeepit
934 1753 1074 1846 pretium
1098 1775 1116 1818 a
1139 1757 1293 1822 ires....·
1299 1791 1594 1820 .............
1602 1740 1794 1836 neapolitani
1809 1741 1926 1810 emtori
1941 1741 2005 1810 mei
2030 1737 2113 1810 ldest
2130 1737 2200 1807 auri

686 1875 689 1882 ’
792 1875 855 1945 tari
878 1875 957 1944 boni
981 1875 1110 1967 triginta
1135 1881 1255 1966 septem
1279 1873 1363 1950 sieut
1385 1873 1471 1946 inter
1493 1870 1588 1946 nohis
1613 1864 1777 1944 eumbeuit
1786 1911 2054 1935 ............
2086 1865 2202 1935 etenim

791 2001 915 2070 ratione
937 2009 1097 2095 quatenus
1120 2000 1236 2070 amede
1260 2007 1292 2070 et
1314 2021 1451 2092 semper.
1476 2019 1535 2078 ros
1558 1996 1616 2092 qui
1640 2017 1737 2089 supra
1762 1994 1953 2090 permaniat
1971 1969 2203 2078 restrishere-

790 2125 883 2197 dibus
910 2126 1043 2196 firmiter
1065 2125 1212 2196 abeatis.
1251 2173 1283 2192 ..
1369 2164 1544 2196 ........
1575 2123 1699 2216 integra
1722 2121 1899 2216 supradicta
1922 2143 1992 2192 mea
2017 2117 2222 2204 banditinne'

790 2261 822 2320 et
847 2251 967 2322 [aciatis
990 2251 1106 2324 exinde
1129 2253 1236 2326 omnia
1261 2277 1325 2347 que
1349 2253 1442 2326 robis
1466 2250 1620 2344 placuerit
1627 2297 1943 2320 ..............
1973 2248 2108 2318 donatus
2133 2271 2202 2316 una

789 2397 865 2446 eum
888 2375 986 2446 licere
1009 2384 1041 2446 et
1065 2375 1245 2446 bolumtate·
1266 2375 1390 2456 demini
1404 2374 1544 2458 ‚landolfi
1568 2373 1693 2467 canaitis
1717 2373 1839 2474 demini
1864 2372 1930 2444 mei
1952 2393 2004 2442 me
2029 2383 2061 2440 et
2087 2372 2194 2473 meis..

794 2548 1235 2575 ...................
1243 2503 1339 2598 ligeri
1364 2513 1397 2572 et
1420 2503 1535 2590 stefani
1557 2501 1751 2597 neapolitani
1774 2510 1807 2602 et
1830 2501 1870 2574 ad
1893 2497 2007 2573 vestris
2032 2500 2202 2570 heredibus

787 2627 909 2722 magra
933 2629 1112 2723 supradicta
1134 2641 1206 2702 mea
1230 2630 1416 2732 banditione
1422 2679 1599 2704 ........
1600 2695 1601 2698 a
1611 2671 1741 2708 ......
1756 2636 1913 2704 antestare
1936 2649 2063 2719 semper
2079 2651 2097 2694 a
2112 2637 2202 2720 parte

787 2752 883 2824 ueri
906 2773 978 2824 mea
1002 2762 1034 2826 et
1057 2753 1097 2822 ab
1121 2753 1192 2830 aliis
1215 2753 1365 2826 omuibus
1388 2752 1575 2835 hominibus
1598 2753 1641 2826 ab
1663 2754 1819 2854 omnique
1841 2752 1995 2858 partibus.
2019 2761 2054 2860 et
2065 2799 2193 2820 ......

787 2889 909 2952 vestros
942 2881 1062 2954 eredes
1082 2880 1249 2956 bolueritis
1278 2881 1396 2958 exinde
1420 2905 1525 2956 essere
1549 2891 1697 2956 auctores
1719 2891 1751 2956 et
1771 2882 1955 2976 defensores
1978 2880 2139 2954 licentiam
2169 2889 2201 2948 et

787 3017 973 3102 potestatem
980 3056 1133 3080 .......
1141 3009 1236 3086 robis
1260 3009 1379 3085 exinde
1403 3032 1506 3087 essere
1530 3019 1679 3100 nupturas
1702 3019 1734 3080 et
1757 3011 1937 3092 defensores
1950 3031 2034 3090 ‚eum
2051 3010 2108 3078 ista
2126 3029 2202 3078 em-

765 3136 883 3207 'tiehis
906 3149 1001 3208 carte.
1027 3150 1059 3208 et
1083 3161 1160 3230 eum·
1182 3139 1251 3232 aliis
1275 3139 1388 3214 restris
1412 3139 1591 3212 rationibus
1614 3138 1667 3212 vel
1689 3137 1829 3234 qualiter
1853 3139 1968 3218 melius
1985 3139 2154 3232 potueritis
2170 3150 2200 3206 et

785 3263 950 3333 habueritis
972 3262 1099 3333 hieibus
1122 3264 1238 3336 uostris
1261 3274 1294 3332 et
1317 3265 1356 3338 de
1380 3263 1496 3342 nestris
1511 3263 1685 3350 heredibus
1701 3264 1777 3359 quia
1789 3265 1827 3348 in
1844 3263 1901 3336 tali
1917 3261 2039 3338 ratione
2057 3265 2200 3334 benum-

786 3387 860 3458 dedi
883 3397 915 3458 et
937 3389 982 3458 ita
1007 3388 1169 3458 eambenit
1193 3389 1276 3460 inter
1297 3389 1403 3462 nobie
1428 3392 1463 3460 Si
1486 3400 1594 3464 autem
1617 3393 1705 3484 ipsos
1729 3392 1822 3464 robis
1846 3393 1973 3466 defendi
1999 3414 2064 3462 non
2089 3359 2201 3488 patue-

786 3505 888 3586 rimus
911 3522 948 3584 ut
971 3511 1116 3585 diximus
1140 3513 1270 3606 primis.
1332 3563 1340 3584 .
1355 3562 1365 3582 .
1379 3566 1387 3584 .
1454 3513 1629 3592 heredibus
1653 3516 1747 3591 vebis
1770 3528 1802 3594 et
1825 3515 1865 3588 ad
1889 3519 2002 3608 restris
2027 3517 2199 3593 heredibus

785 3641 825 3710 de
848 3638 989 3710 colludia
1012 3637 1137 3731 legibus
1160 3638 1269 3710 iurare
1292 3637 1472 3732 obligemus
1491 3648 1528 3710 'et
1549 3663 1781 3734 componamus
1805 3643 1927 3732 rabis.
1941 3693 1952 3716 .
1966 3697 1974 3714 .
2132 3695 2190 3726 .,.

647 3866 650 3874 ¹
787 3761 935 3860 duplum·
953 3774 986 3835 et
1018 3763 1116 3857 duplo
1140 3787 1198 3856 per
1222 3766 1435 3859 appretiatum
1454 3767 1549 3861 qued
1571 3768 1751 3861 supradicta
1775 3791 1845 3843 mea
1872 3751 2114 3864 banditioaput
2137 3797 2196 3845 vos

782 3895 816 3964 in
839 3893 971 3966 edificiis
989 3905 1051 3962 ‘aut
1056 3941 1256 3964 ........
1271 3895 1361 3966 erebi
1385 3903 1456 3966 tntu
1480 3906 1513 3968 et
1538 3896 1776 3974 remelioratum
1800 3901 1950 3990 panteria
1974 3899 2058 3971 Nam
2081 3903 2108 3972 si
2132 3926 2198 4002 ega

781 4017 839 4111 qui
862 4037 958 4109 supra
982 4015 1118 4090 tonnus
1140 4025 1196 4086 aut
1227 4061 1639 4092 ..................
1641 4037 1663 4090 ’.
1677 4019 1761 4092 bane
1785 4021 1977 4118 banditionis
2000 4036 2130 4099 aarum.
2156 4029 2195 4097 de

780 4141 898 4233 quibus
911 4141 1055 4211 eontinet
1068 4137 1311 4236 aliquandaper
1324 4139 1560 4236 qualecumque
1575 4143 1743 4238 ingenium
1755 4145 1958 4242 dirrumpere
1972 4151 2193 4244 quesierimus

780 4271 821 4330 et‘
834 4263 868 4331 si.
885 4285 964 4333 non.
975 4262 1068 4336 vobis
1092 4260 1370 4340 desemabarimus,
1385 4275 1428 4340 «et
1450 4287 1516 4346 nun
1531 4266 1624 4352 robis
1642 4270 1910 4364 eompleberimus
1917 4321 2187 4350 ............

780 4399 817 4457 ut
848 4399 944 4480 super
961 4392 1102 4482 ¹legitur.
1121 4401 1211 4462 eune
1243 4402 1276 4464 et
1306 4395 1640 4491 suprascripttidupla
1664 4399 1755 4474 robis
1777 4424 2006 4496 ,componamus
2030 4417 2061 4498 et
2083 4407 2192 4476 emnia

779 4515 993 4608 suprascripti
1016 4515 1107 4586 rabis
1130 4519 1405 4612 pereompleamus
1428 4523 1563 4628 banditia
1579 4525 1646 4600 ista
1661 4527 1785 4621 integra
1800 4530 1961 4622 potestatis
1979 4543 2083 4608 vestre
2098 4556 2192 4604 eam·

705 4676 708 4684 ¹
779 4647 943 4718 mittamus
965 4645 1007 4716 ad
1023 4650 1154 4742 'senipep
1177 4643 1343 4718 abendam.
1367 4657 1401 4718 et
1416 4648 1521 4722 taliter
1534 4674 1596 4744 ego
1611 4655 1669 4748 qui
1684 4677 1780 4750 supra
1796 4657 2096 4754 benditorpualiter
2112 4665 2191 4734 mihi

778 4790 958 4866 aongruum
990 4772 1040 4841 hii
1062 4795 1138 4844 eum
1157 4770 1257 4844 heere
1281 4781 1313 4842 et
1335 4771 1511 4852 helumtate
1533 4777 1705 4868 supradicti
1730 4780 1853 4854 domini
1876 4785 2003 4880 landolfi
2026 4791 2190 4864 seeundum

775 4899 931 4992 lage'teai
956 4909 988 4971 et
1009 4908 1041 4970 t'a
1057 4900 1195 4973 iohanne
1209 4900 1335 4995 notarie
1351 4901 1491 4989 seribere
1507 4904 1635 4998 rapabia
1652 4906 1810 5004 ‚Capua¹†
1826 4933 1888 5004 ape
1905 4917 2075 4990 armandus
2092 4919 2191 4998 iudex

870 5022 984 5120 †ege
1007 5025 1124 5098 autimi
1143 5023 1280 5099 alericus
1301 5037 1334 5100 et
1356 5027 1459 5104 erbe
1512 5081 1542 5120 ·¹
1593 5051 1619 5103 ,ε
1651 5067 1655 5101 :
