4906 6520
1420 685 1563 783 (tte)

766 851 883 924 debens
900 859 933 923 nt
947 853 1095 947 portione
1118 851 1256 923 secunde
1280 871 1340 944 pru
1363 847 1566 943 ingrediendi
1580 855 1613 920 et
1628 841 1814 941 egrediendi
1836 865 1914 918 cum
1937 846 2029 917 omni
2045 869 2104 919 sne
2121 851 2186 922 uti·

765 978 854 1052 litate
878 981 913 1050 in
936 985 1113 1048 memoratu
1135 973 1274 1046 clusuris
1297 975 1445 1066 portione
1452 1019 1654 1044 .........
1671 966 1732 1038 hec
1756 988 1837 1040 vero
1859 968 1967 1062 portio
1989 969 2096 1062 prims
2122 995 2186 1046 una

764 1129 841 1178 cum
865 1105 1033 1177 arboribus
1056 1100 1227 1174 fructiferis
1250 1099 1302 1172 vel
1327 1099 1535 1172 infructiferis
1558 1107 1592 1168 et
1615 1117 1692 1168 cum
1715 1095 1863 1168 innuitur
1886 1117 1961 1168 sues
1976 1098 2184 1186 stemnibus

765 1233 827 1303 sivi
854 1225 1111 1324 pertinentibus:
1146 1219 1265 1317 legatio
1298 1245 1378 1294 vcro
1407 1223 1447 1294 de
1475 1219 1626 1314 disposite
1651 1243 1716 1316 que
1739 1221 1886 1293 iecerunt
1913 1225 2103 1296 memoratis
2126 1227 2184 1298 in-

766 1355 891 1447 geiibus
915 1349 1112 1446 genitoribus
1135 1347 1253 1420 nostris
1277 1357 1314 1418 ut
1338 1348 1481 1420 continet
1504 1348 1548 1420 sit
1569 1347 1654 1420 inter
1677 1347 1771 1422 nobis
1799 1349 1981 1443 nostrisque
2013 1351 2185 1427 haedibus

765 1485 921 1555 firmum:
948 1483 982 1553 Si
1006 1480 1080 1575 quis
1104 1479 1218 1556 {sutem
1241 1479 1282 1548 de
1311 1499 1371 1548 nos
1394 1475 1511 1549 vel-dc
1535 1477 1652 1549 nostris
1685 1477 1859 1552 nectunt
1889 1479 2007 1574 quohis
2040 1492 2184 1577 tempore

766 1617 876 1680 contra
901 1631 960 1678 ane
983 1605 1108 1679 rucrissi
1137 1603 1306 1677 dibisiunis
1338 1613 1375 1673 ut
1405 1622 1503 1696 super
1535 1601 1653 1695 legitur
1684 1601 1796 1676 benite
1826 1606 2037 1699 presumseris
2069 1632 2182 1703 perse

763 1741 820 1804 ent
843 1755 902 1826 per
925 1729 1103 1804 summissis
1127 1731 1271 1824 personis
1295 1741 1372 1802 tuuc
1395 1736 1568 1824 componet
1591 1751 1664 1822 pers
1688 1727 1789 1822 ipsius
1803 1727 1939 1802 infidelis
1955 1739 1988 1802 et
2003 1732 2071 1804 suis
2086 1732 2181 1806 here-

762 1859 855 1930 dibus
872 1869 903 1928 st
918 1865 1042 1950 partem
1066 1857 1163 1929 fidem
1187 1857 1342 1928 seruantis
1366 1856 1502 1951 eiusque
1526 1855 1698 1928 heredibus
1721 1856 1792 1929 nuri
1814 1855 1895 1928 libra
1911 1881 1974 1930 uus
1995 1857 2182 1952 bythiuutcn

763 1998 796 2059 et
820 1988 881 2058 trec
904 1969 1029 2058 merissi
1054 1985 1222 2056 dibisionis
1237 1993 1275 2054 ut
1290 2006 1386 2078 super
1409 1983 1530 2078 legitur
1545 1985 1588 2055 sit
1610 1983 1702 2055 firme
1726 1985 1844 2078 scriptu
1867 2007 1925 2079 per
1948 2007 2079 2060 muttum
2094 1990 2180 2082 petri

767 2114 897 2184 curiatis
920 2136 977 2204 per
1001 2119 1180 2182 memoratu
1204 2111 1318 2205 quinte
1342 2110 1517 2183 indictione
1541 2110 1573 2204 †

857 2239 921 2308 hoc
953 2238 1082 2330 signum
1105 2237 1137 2332 †
1161 2257 1293 2308 menum
1323 2245 1500 2311 memorate
1532 2259 1684 2334 personas
1708 2241 1797 2334 quod
1820 2263 1882 2336 ego
1905 2243 1963 2339 qni
1987 2255 2183 2317 memoratus

764 2365 805 2435 sb
831 2364 877 2434 cis
901 2373 1034 2456 rugatus
1057 2385 1118 2456 pro
1142 2364 1189 2433 eis
1212 2363 1389 2456 subscripsi
1412 2365 1443 2458 †

856 2481 887 2576 †
911 2491 1000 2555 ΕΓΟ
1032 2491 1303 2557 ΑΛΙΓΕΡΝΟἸῈ
1338 2494 1515 2562 elusone
1543 2499 1615 2562 ΔΝ
1647 2499 1699 2563 ῙΩ
1738 2503 1965 2570 ΡΟΓΛΤΟΤΕ
2004 2505 2033 2570 Α
2079 2509 2183 2573 CCTE

763 2617 989 2684 rfflnconnc
1015 2584 1148 2680 Tse-fr
1180 2585 1346 2703 56?st

858 2733 890 2827 †
912 2733 984 2826 Ego
1008 2731 1060 2802 leo
1083 2729 1220 2803 Curisiis
1243 2741 1376 2826 rogetus
1400 2757 1419 2802 a
1442 2747 1636 2810 memoratus
1660 2762 1812 2835 personas
1826 2743 1899 2816 testi
1915 2744 2135 2845 subscripsi†

855 2859 886 2952 †
910 2879 972 2952 ege
996 2877 1107 2930 menso
1120 2855 1206 2929 tilius
1222 2857 1388 2929 domini
1361 2861 1514 2935 srmecnis
1529 2873 1660 2959 rogatus
1675 2889 1693 2935 s
1709 2869 1923 2963 suprascripte
1938 2893 2089 2966 perennes
2103 2876 2175 2948 testi

763 2983 935 3114 subscripsi
959 2985 990 3080 †
1140 3033 1143 3038 -
1203 3023 1205 3032 ·
1237 3003 1239 3009 ’
