4906 6520
1363 659 1502 759 (rso)

1343 951 1528 1026 ccxxxn.

1319 1203 1447 1278 Christe
1470 1205 1554 1276 iare.

590 1499 649 1550 an,
812 1457 845 1558 †
865 1461 903 1532 ln
926 1436 1061 1530 nomine
1082 1455 1209 1529 domini
1232 1455 1286 1527 dei
1309 1453 1482 1568 salvatoris
1504 1455 1607 1526 nostri
1621 1453 1718 1526 ihesu
1741 1453 1867 1528 Christi
1881 1455 2066 1552 Imperante
2087 1461 2148 1534 do-

573 1611 661 1676 993,
719 1591 810 1664 mino
832 1594 944 1661 nostro
968 1585 1084 1657 basilio
1106 1605 1229 1678 magno
1252 1585 1451 1677 Imperatore
1475 1606 1560 1654 anno
1583 1583 1746 1654 tricesimo
1771 1583 1887 1656 tertio:
1922 1584 1980 1658 sed
2003 1596 2038 1658 et
2063 1611 2147 1662 oon-

719 1715 859 1788 stantino
882 1733 1002 1806 magno
1025 1712 1227 1804 Imperatore
1248 1697 1538 1780 anno'trioesimo:
1567 1707 1618 1778 die
1641 1707 1797 1779 vioesim
1819 1707 1939 1780 mensis
1960 1707 2033 1780 iulii
2055 1712 2145 1783 indi-

719 1841 826 1910 ctione
841 1845 931 1909 sexta
947 1834 1095 1928 neapoli:
1111 1831 1245 1903 Certum
1260 1839 1308 1902 est
1323 1853 1383 1902 nos
1398 1838 1491 1925 petro
1503 1829 1717 1923 rampertnrio
1733 1830 1800 1902 filio
1822 1831 1986 1927 piundum
2002 1837 2147 1908 mastsaii

719 1961 948 2057 campertariiz
975 1967 1008 2030 et
1032 1977 1161 2050 gemma
1184 1953 1248 2026 hoe
1271 1962 1320 2025 est
1342 1953 1465 2046 iugales
1489 1973 1547 2024 seu
1579 1975 1662 2023 anna
1684 1953 1748 2024 hoo
1771 1961 1821 2023 est
1843 1955 2003 2046 germmis
2027 1969 2059 2028 et
2081 1979 2147 2027 eo.

718 2089 848 2186 gnatis:
875 2107 937 2180 ego
961 2093 1140 2157 memorata
1164 2104 1247 2154 anna
1270 2104 1336 2152 una
1360 2103 1436 2152 oum
1459 2103 1618 2152 consensu
1632 2082 1716 2174 petri
1730 2081 1950 2154 eentimularii
1975 2087 2144 2178 posteriori

718 2215 783 2288 uiri
807 2215 892 2284 mei=
916 2213 946 2283 A
970 2211 1109 2305 presenti
1133 2209 1187 2281 die
1209 2207 1426 2302 promtissima
1450 2207 1617 2278 voluntate
1631 2207 1887 2280 venundedimus
1902 2219 1937 2282 et
1950 2213 2143 2286 tradidimus

719 2343 813 2414 robis
838 2339 970 2412 domino
992 2337 1101 2430 sergio
1124 2335 1303 2409 venerabili
1324 2335 1539 2429 presbiterum
1562 2334 1631 2407 tilio
1654 2338 1818 2432 quondam
1841 2335 1976 2409 iohanni
1998 2340 2052 2412 orti
2081 2363 2143 2411 su-

718 2493 778 2563 per
808 2489 927 2540 nomen
959 2467 1101 2536 dumea:
1137 2474 1170 2536 et
1199 2486 1283 2534 anna
1311 2463 1375 2534 hoo
1398 2470 1448 2534 est
1469 2463 1603 2536 domino
1625 2471 1659 2532 et
1682 2465 1852 2536 servientis
1874 2474 1986 2536 custus
2008 2467 2141 2540 eoeleste

716 2603 824 2666 sancte
848 2593 985 2687 agathe:
1013 2592 1095 2662 idest
1118 2592 1245 2684 integre
1268 2589 1347 2660 dues
1370 2589 1472 2682 peties
1496 2589 1536 2662 de
1559 2599 1662 2660 terres
1685 2599 1796 2660 nostru
1818 2591 1921 2684 posita
1944 2593 1980 2662 in
1996 2591 2069 2663 loeo
2084 2595 2142 2688 qui

715 2719 903 2788 nominatur
925 2714 1057 2786 babulie
1080 2736 1178 2807 super
1201 2713 1408 2786 antonianum
1430 2736 1496 2784 una
1519 2737 1596 2786 eum
1619 2713 1790 2785 muoribus
1813 2715 1986 2789 ductiioris
2009 2716 2061 2790 uel
2086 2719 2143 2789 in-

715 2829 891 2913 fructiferis
913 2846 947 2909 et
969 2859 1044 2908 cum
1067 2837 1216 2910 introitus
1239 2841 1379 2908 suar'et
1402 2837 1554 2909 omnibus
1576 2837 1638 2910 sivi
1654 2838 1911 2932 pertinentibus:
1936 2839 2140 2936 quiooheret

671 3004 674 3014 ·
715 2971 778 3040 sivi
801 2977 834 3038 at
856 2971 963 3064 prima
985 2966 1073 3060 petia
1097 2967 1137 3037 ab
1160 2992 1229 3040 uno
1251 2966 1351 3038 latere
1375 2973 1460 3038 terra
1485 2965 1620 3040 ecclesie
1643 2975 1750 3037 sancte
1773 2969 1876 3038 marie
1900 2969 1940 3040 de
1962 2981 2142 3041 memorato

714 3097 808 3169 loeo:
833 3109 866 3168 et
888 3107 976 3168 terra
998 3095 1133 3168 heredes
1156 3095 1256 3188 sergii
1279 3095 1409 3167 curialis
1425 3081 1523 3168 sicuti
1546 3095 1633 3166 inter
1647 3117 1683 3166 se
1696 3094 1780 3188 sepis
1796 3103 1829 3166 et
1845 3093 1980 3170 fossatus
1996 3098 2116 3168 exflnat
2130 3122 2138 3167 ε
2242 3091 2246 3100 ’

715 3231 749 3292 et
772 3223 812 3292 de
837 3220 902 3289 alio
923 3219 1024 3291 latero
1047 3225 1134 3289 terra
1166 3217 1317 3290 iohannis
1347 3219 1525 3290 oalciolarii
1557 3219 1653 3290 sieuti
1681 3219 1765 3288 inter
1787 3241 1822 3292 se
1845 3219 1976 3313 egripus
1999 3221 2138 3292 estinatr

715 3351 756 3420 de
780 3367 848 3418 uno
871 3346 978 3438 eapite
1002 3357 1088 3414 terra
1112 3343 1153 3413 de
1178 3343 1251 3414 illut
1274 3341 1420 3437 naupigii
1436 3339 1533 3414 sicuti
1557 3345 1642 3414 inter
1658 3365 1694 3414 so
1708 3345 1863 3416 termines
1886 3345 2020 3416 erdnat:
2044 3355 2077 3416 et
2101 3349 2141 3418 de

716 3473 782 3543 alio
805 3473 910 3566 eapite
933 3479 1021 3542 terra
1042 3470 1142 3564 sergii
1165 3469 1294 3543 ferrarii
1318 3471 1373 3542 cui
1396 3491 1494 3566 supra
1517 3493 1638 3544 nomen
1660 3473 1801 3546 mirdilla
1816 3473 1912 3545 sicuti
1926 3475 2010 3546 inter
2024 3496 2058 3544 se
2075 3483 2140 3545 ten·

714 3598 819 3669 mines
830 3667 833 3674 ,
843 3597 985 3668 dxiinat:
1011 3607 1044 3670 et
1068 3603 1100 3664 at
1116 3605 1295 3668 memorata
1312 3598 1452 3670 munda
1470 3602 1556 3691 petia
1571 3598 1705 3671 ooheret
1717 3599 1782 3670 sivi
1798 3599 1840 3670 ab
1856 3622 1923 3670 uuo
1939 3601 2040 3671 latere
2055 3610 2140 3671 terra

713 3721 861 3816 stephani
884 3723 926 3794 de
951 3730 1045 3815 petro
1069 3723 1108 3792 de
1132 3722 1257 3792 essurio
1279 3722 1376 3793 sicuti
1399 3722 1485 3794 inter
1508 3745 1543 3794 se
1567 3721 1687 3794 levatas
1711 3723 1853 3795 extinat:
1879 3733 1912 3794 et
1935 3725 1975 3796 de
1999 3725 2064 3796 aiio
2087 3724 2139 3794 la-

712 3861 784 3922 tere
805 3851 979 3922 memorati
1002 3849 1101 3942 sergii
1124 3849 1253 3920 terrarii
1275 3849 1423 3922 merdille
1445 3851 1542 3922 sicuti
1565 3851 1650 3923 inter
1672 3873 1706 3922 se
1729 3853 1813 3946 sepis
1837 3861 1870 3923 et
1892 3854 2028 3925 fossatus
2051 3855 2139 3924 exii-

713 4103 814 4174 iinat:
849 4113 883 4174 et
914 4103 1043 4174 dealio
1075 4106 1180 4198 eapite
1212 4103 1267 4176 vin
1290 4101 1421 4198 publiea
1444 4104 1540 4176 sieuti
1566 4105 1652 4176 inter
1675 4127 1711 4174 se
1734 4107 1818 4198 sepis
1841 4105 1982 4178 extinrtt
2008 4106 2050 4178 de
2073 4127 2137 4200 qua

712 4228 798 4299 nihil
821 4231 915 4300 nobis
938 4231 1053 4302 exinde
1078 4231 1211 4325 aliquod
1233 4232 1387 4304 remansit
1402 4241 1458 4304 rut
1472 4233 1711 4306 reservavimus
1725 4256 1787 4304 neo
1802 4233 1837 4306 iu
1852 4233 1972 4306 alienas
1986 4257 2136 4332 pepsonas

713 4351 935 4423 commisimus
967 4339 1147 4446 potestate:
1182 4364 1216 4426 et
1247 4377 1266 4424 a
1297 4355 1437 4448 presenti
1468 4357 1521 4428 die
1544 4367 1578 4428 et
1601 4357 1749 4451 deinoeps
1767 4357 1936 4432 iamdictus
1960 4367 2136 4429 memorate

713 4475 794 4545 dues
817 4474 920 4566 peties
954 4477 995 4544 de
1027 4486 1205 4554 memorata
1229 4489 1316 4550 terra
1338 4485 1377 4548 ut
1399 4479 1637 4572 supertegitur
1660 4503 1680 4547 a
1703 4481 1797 4554 nobis
1822 4481 1916 4554 vohis
1937 4483 1982 4560 sit
2004 4503 2135 4553 renun-

713 4598 874 4670 detumet
889 4599 1045 4676 traditum
1059 4601 1094 4675 in
1110 4612 1215 4674 vestra
1232 4601 1413 4696 vestrisque
1428 4603 1601 4678 heredibus
1616 4605 1658 4675 sit
1673 4613 1828 4698 potestate
1843 4605 2004 4699 quidquid
2018 4606 2135 4678 exinde

713 4723 820 4791 faeere
844 4723 1035 4796 volueritis:
1061 4735 1094 4796 et
1116 4749 1223 4821 neque
1247 4750 1267 4795 a
1290 4727 1406 4798 nobis:
1432 4751 1538 4822 neque
1562 4751 1581 4796 a
1604 4729 1723 4798 nostris
1746 4727 1918 4802 hmedibus
1941 4727 1994 4804 vel
2008 4753 2030 4798 a
2043 4729 2134 4804 nobis

711 4851 858 4942 personis
881 4853 1058 4926 summissis
1081 4853 1170 4929 nulio
1193 4863 1338 4949 tempore
1353 4879 1522 4950 numquam
1537 4878 1596 4926 vos
1612 4863 1792 4928 memorato
1806 4856 1939 4932 domino
1954 4858 2062 4950 sergio
2076 4880 2134 4928 re·

710 4976 847 5052 nerodili
881 4975 1105 5081 presbyterum
1137 4993 1170 5054 et
1201 5005 1285 5056 anna
1317 4981 1380 5059 hoc
1407 4993 1455 5058 est
1477 4983 1609 5058 domino
1633 4993 1666 5055 et
1688 4985 1858 5060 servientis
1880 4995 1939 5060 rut
1961 4983 2135 5064 herodibus
