4906 6520
915 625 935 762 ’(
959 677 1024 739 109
1048 669 1061 763 )

918 957 1083 1029 CCXXIII.

374 1207 466 1302 †ln
488 1205 620 1275 nomine
643 1205 767 1276 domini
795 1203 848 1278 dei
871 1205 1040 1276 salvatoris
1063 1205 1168 1275 nostri
1190 1205 1288 1276 lhesu
1307 1204 1428 1274 Christi
1445 1205 1624 1298 imperante
1641 1205 1702 1275 do-
1776 1233 1829 1283 an.

280 1336 372 1404 mino
394 1339 507 1403 nostro
529 1329 644 1401 basilio
665 1353 785 1425 magno
807 1331 1006 1425 Imperatore
1029 1353 1114 1400 anno
1138 1330 1303 1401 tricesimo
1325 1331 1452 1423 primo:
1480 1331 1536 1402 sed
1560 1342 1593 1401 et
1617 1354 1703 1401 con·
1757 1346 1843 1407 991.

281 1458 420 1530 stantino
444 1478 563 1550 magno
584 1455 783 1550 Imperatore
806 1477 892 1525 anno
915 1453 1070 1525 vicesimo
1093 1453 1221 1522 octabo.
1248 1453 1301 1522 die
1325 1453 1419 1522 tertia
1447 1454 1567 1523 mensis
1592 1455 1701 1524 martii

282 1583 456 1654 indictione
479 1591 594 1676 quarta
617 1581 768 1676 neapoli:
793 1579 928 1652 Certum
950 1587 999 1652 est
1020 1601 1081 1649 nos
1105 1578 1253 1672 filippum
1276 1580 1410 1652 umilcm
1434 1602 1600 1674 ygumcno
1623 1603 1704 1650 mo-

286 1708 419 1778 nasterii
450 1713 636 1778 sanctorum
671 1704 770 1799 sergii
800 1714 834 1776 et
854 1703 963 1775 bacbii
986 1703 1044 1797 qui
1067 1725 1131 1772 nuc
1154 1711 1367 1796 congregatus
1390 1713 1439 1775 est
1461 1705 1496 1775 in
1510 1707 1705 1776 monasterio

284 1841 469 1904 sanderum
494 1831 641 1902 theodori
665 1839 698 1902 et
720 1829 892 1902 sevastiani
915 1827 973 1921 qni
996 1827 1183 1898 nominatur
1207 1827 1365 1920 casapicta
1390 1829 1490 1898 situm
1512 1829 1546 1899 in
1571 1829 1705 1901 viridia-

284 1958 398 2030 rium:
425 1979 489 2029 nna
514 1978 591 2028 cum
612 1962 709 2027 cunta
733 1952 984 2048 congregatione
1010 1954 1180 2024 memorati
1204 1954 1307 2026 sancti
1330 1963 1363 2025 et
1386 1953 1581 2024 venerahilis
1605 1959 1707 2027 nostri
1806 2051 1810 2058 .

285 2081 494 2154 monasterii:
522 2082 552 2151 Α
575 2080 716 2175 presenti
738 2082 791 2153 die
806 2080 1030 2175 promictimus
1045 2081 1104 2154 tivi
1120 2079 1228 2173 sergio
1244 2079 1422 2153 venerabili
1438 2081 1626 2176 presbytero
1641 2083 1708 2153 tilio

288 2207 418 2302 quidem
441 2203 590 2277 iohanuIs
613 2202 809 2275 euciolarii:
834 2211 969 2299 propter
991 2203 1116 2296 integra
1138 2202 1272 2274 ecelesia
1295 2211 1407 2272 nostra
1422 2205 1583 2276 vocabulo
1599 2216 1709 2278 sancte

288 2331 417 2402 urfimie
440 2328 553 2400 christi
573 2327 707 2398 martira
730 2326 874 2421 quisita
898 2325 1111 2400 exscidetur
1134 2325 1170 2396 in
1193 2325 1326 2419 regione
1353 2323 1493 2396 ficariola
1522 2329 1604 2399 iusta
1630 2351 1710 2400 mu-

290 2481 364 2530 rum
386 2457 575 2552 publicumz
594 2455 651 2526 ubi
674 2455 808 2530 domino
833 2457 962 2528 bolente
985 2461 1018 2526 te
1039 2454 1160 2526 ibidem
1184 2455 1350 2526 costodem
1374 2458 1539 2547 posuimus
1556 2455 1590 2524 in
1606 2480 1644 2526 ea
1660 2459 1710 2528 vi-

294 2585 410 2656 delicet
433 2583 559 2654 ratione
582 2591 620 2653 ut
641 2591 679 2652 tu
704 2582 739 2653 in
762 2589 939 2654 memorata
963 2581 1098 2654 ecclesia
1121 2591 1231 2652 nostra
1256 2581 1296 2652 de
1312 2579 1380 2652 dies
1396 2589 1468 2652 ante
1484 2595 1556 2653 ores
1571 2581 1624 2650 vel
1639 2593 1711 2675 post

292 2733 364 2781 oros
387 2733 517 2782 omnem
541 2711 685 2781 officium
709 2711 939 2783 sacerdotalem
966 2713 1072 2782 lacere
1097 2709 1212 2781 debeas
1235 2707 1487 2780 luminariorum
1501 2731 1580 2782 vero
1596 2712 1711 2780 conci-

291 2839 442 2932 gnatione
465 2837 626 2909 celebrare
649 2848 682 2908 et
706 2838 841 2911 exibere
864 2839 939 2911 deas
963 2842 1065 2914 cuctis
1088 2837 1204 2910 diebus
1225 2835 1292 2908 rite
1315 2843 1370 2910 tue
1393 2845 1431 2908 ut
1445 2843 1522 2930 aput
1537 2837 1635 2908 deum
1650 2835 1711 2907 tivi

289 2964 405 3034 mercis
429 2971 581 3036 atorescat
605 2972 638 3035 et
659 2985 771 3034 coram
795 2963 961 3036 ominibus
985 2963 1079 3036 laus:
1105 2973 1139 3035 et
1161 2985 1222 3058 pro
1246 2961 1396 3032 alimonis
1419 2960 1484 3034 tuis
1508 2960 1655 3034 dedimus
1678 2971 1712 3033 et

289 3087 481 3158 tradidimus
503 3087 563 3158 tivi
587 3087 670 3160 idest
693 3087 859 3182 integrum
885 3097 994 3161 ortum
1016 3087 1074 3182 qui
1098 3111 1141 3158 ex
1161 3091 1235 3158 ante
1248 3092 1426 3157 memorata
1441 3083 1575 3156 ecelesia
1590 3096 1711 3158 nocua.

289 3233 355 3281 nna
378 3232 454 3282 cmn
478 3210 558 3280 cella
581 3213 639 3306 qni
656 3219 705 3282 est
722 3213 811 3282 intus
833 3218 1055 3282 memoratum
1070 3217 1179 3284 ortum
1198 3235 1255 3284 sen
1269 3210 1391 3304 piscina
1404 3207 1462 3302 qui
1476 3208 1522 3278 ibi
1536 3217 1585 3279 cst
1599 3220 1632 3281 ct
1646 3232 1712 3279 una

290 3355 366 3405 omn
388 3333 496 3404 omnia
521 3341 680 3427 quamum
703 3343 737 3403 at
759 3334 828 3427 ipsa
853 3333 987 3404 ecclesia
1009 3341 1121 3404 nostra
1143 3335 1285 3428 pertinet
1306 3335 1400 3405 beate
1415 3334 1563 3406 eufimie:
1589 3345 1713 3405 etcum

291 3459 437 3530 introitus
468 3479 543 3530 suas
566 3467 600 3530 et
622 3457 773 3532 omnibus
796 3459 844 3530 eis
867 3458 1130 3554 pertinentibus:
1153 3459 1254 3530 Utin
1277 3469 1334 3530 tua
1357 3459 1400 3529 sit
1421 3469 1578 3552 potestate
1601 3459 1714 3532 diebus

290 3586 358 3655 vite
383 3593 436 3656 tne
459 3585 589 3656 tenendi
611 3595 645 3656 et
668 3586 858 3658 dominandi
881 3607 1047 3680 quamque
1073 3585 1238 3678 bogiandi
1261 3593 1299 3654 ut
1322 3585 1363 3654 de
1387 3584 1457 3676 ipsa
1490 3585 1595 3678 lrugia
1618 3589 1714 3658 faciat
1808 3564 1811 3575 ⁵

291 3711 400 3785 omnia
423 3731 488 3803 qne
510 3709 679 3781 boluerisr
706 3719 739 3780 et
761 3709 872 3780 omnia
896 3711 986 3805 quod
1009 3709 1132 3780 ibidem
1155 3708 1301 3782 oblatum
1324 3708 1424 3782 fucrit
1447 3733 1466 3777 a
1489 3709 1614 3780 biribns
1637 3721 1670 3780 et
1694 3737 1713 3781 n

291 3833 480 3904 uliemribus
495 3840 550 3902 tue
565 3833 608 3902 sit
622 3833 803 3924 potestatis:
817 3835 846 3904 si
863 3843 972 3906 nutem
990 3836 1091 3908 fuerit
1104 3834 1261 3906 inmovile
1277 3841 1333 3906 aut
1345 3833 1579 3928 qualecumque
1592 3835 1714 3906 movile

293 3961 451 4031 maiorem
483 3959 546 4029 siat
568 3959 608 4028 de
631 3959 700 4051 ipsa
729 3959 885 4029 ecclesia:
914 3961 1046 4054 insuper
1074 3971 1112 4032 tu
1134 3959 1295 4032 dimittere
1317 3960 1457 4033 debeatis
1479 3961 1515 4034 in
1537 3973 1713 4034 memorata
1842 3951 1847 3962 ’

296 4085 429 4158 ecclesia
453 4094 526 4180 post
549 4093 642 4158 tuum
664 4084 790 4156 obitum
812 4084 896 4156 idest
918 4107 964 4156 un
987 4085 1115 4182 planeta
1131 4087 1214 4159 linea
1232 4089 1467 4160 camerarium
1483 4099 1517 4162 et
1531 4087 1709 4182 corporale:

295 4215 528 4286 Verumtamen
550 4223 584 4284 et
607 4215 726 4284 amodo
749 4221 783 4284 et
805 4235 919 4308 nsque.
942 4237 1002 4309 per
1025 4224 1131 4287 totum
1153 4217 1265 4310 magio
1288 4217 1391 4288 mensi
1413 4218 1476 4288 isto
1490 4217 1650 4312 prossimo
1665 4225 1715 4290 at-

294 4338 444 4410 beniente
466 4337 613 4408 couciare
638 4335 778 4409 debeatis
801 4347 980 4412 memorata
1004 4339 1136 4412 ecclesia
1151 4337 1261 4410 omnia
1276 4348 1436 4434 quantum
1450 4341 1572 4412 ibidem
1588 4349 1621 4410 at
1635 4360 1716 4412 con-

295 4463 445 4532 cinndmn
468 4461 614 4533 abuerit:
638 4472 672 4534 et
694 4471 870 4536 memorata
893 4463 975 4536 cella
997 4465 1115 4536 amodo
1133 4473 1165 4536 et
1180 4487 1304 4559 usque:
1331 4465 1366 4536 in
1381 4489 1484 4537 unum
1508 4488 1628 4538 annum
1651 4491 1717 4538 ex-

295 4581 419 4674 pletmu
443 4605 497 4652 eos
519 4583 669 4654 concinre
693 4584 833 4656 debeatis
863 4585 995 4658 insimul
1019 4597 1052 4660 at
1075 4589 1168 4660 omni
1191 4597 1249 4660 tuo
1272 4591 1444 4684 expendio.
1470 4591 1604 4684 Insuper
1639 4589 1715 4660 atsi-

296 4704 466 4798 gnabimus
496 4727 556 4775 nos
590 4707 650 4778 tivi
674 4733 693 4778 a
717 4707 770 4780 dio
802 4711 958 4803 presentis
991 4711 1072 4784 idest
1094 4713 1228 4784 movilia
1252 4713 1293 4785 de
1315 4723 1494 4785 memorata
1524 4712 1657 4784 ecclesia
1680 4716 1716 4788 in

296 4827 409 4922 primis
424 4827 506 4901 idest
518 4851 621 4900 unmn
636 4853 780 4926 pannum
797 4837 885 4930 quod
898 4845 945 4908 est
963 4835 1120 4910 ossecium
1130 4838 1254 4910 bonum
1270 4861 1347 4909 cnm
1361 4862 1425 4910 una
1439 4839 1573 4912 sindone
1583 4839 1716 4912 insimul

299 4955 410 5028 ambos
433 4956 570 5051 desuper
594 4957 713 5030 altare:
750 4970 783 5034 et
815 4987 917 5036 unum
946 4965 1167 5062 facietergium
1191 4965 1352 5038 stellatum
1379 4965 1578 5062 plumatnma
1606 4967 1718 5064 ampul
