4906 6520
944 657 1094 766 (ate)

951 945 1072 1020 CCXL.

392 1193 434 1291 †*
447 1195 485 1268 ln
507 1192 639 1266 nomine
663 1192 787 1268 domini
813 1191 866 1266 dei
887 1192 1057 1268 salvatoris
1079 1194 1184 1269 nostri
1207 1193 1304 1268 ihesu
1327 1193 1447 1268 Christi
1463 1199 1643 1290 Imperante
1658 1201 1718 1270 do-
1784 1229 1841 1275 an.

297 1325 389 1397 mino
412 1329 525 1396 nostro
548 1321 664 1394 basiho
687 1343 808 1415 magno
831 1322 1030 1416 Imperatore
1053 1343 1138 1392 anno
1162 1322 1327 1394 tricesimo
1350 1333 1465 1394 sexto:
1498 1327 1554 1398 sed
1576 1335 1610 1396 et
1632 1347 1718 1400 con·
1769 1339 1854 1403 996.

295 1453 438 1526 slmtino
460 1453 562 1524 irater
585 1450 657 1522 eius
680 1471 800 1544 magno
823 1451 1021 1542 Imperatore
1044 1470 1130 1518 anno
1153 1447 1317 1520 tricesimo
1341 1451 1460 1522 tertio:
1489 1451 1543 1522 die
1566 1451 1719 1524 vicesima

297 1580 417 1654 mensis
441 1579 551 1675 aprilis
574 1577 749 1650 indictione
773 1598 858 1647 nona
882 1576 1026 1670 neapoli:
1051 1576 1185 1646 Certum
1200 1587 1249 1648 est
1265 1599 1317 1648 me
1334 1577 1517 1671 aligernum
1531 1580 1718 1672 negotiante

299 1707 405 1780 filium
429 1709 594 1802 quondam
617 1705 766 1800 stephani
788 1705 830 1774 de
852 1703 1033 1796 pantalione
1056 1712 1090 1772 et
1112 1705 1277 1796 quondam
1301 1705 1443 1796 pitrum:
1477 1705 1662 1796 iugalibus:
1687 1709 1717 1778 A

167 1825 176 1840 ¹
298 1834 439 1931 presenti
462 1835 514 1906 die
536 1831 755 1926 promtissima
778 1830 979 1922 voluptatem
1003 1821 1197 1900 venumdedi
1221 1837 1254 1899 et
1276 1831 1395 1900 tradidi
1419 1830 1479 1902 tibi
1501 1831 1595 1902 leone
1616 1835 1717 1904 ferra-

299 1960 350 2030 rio
375 1959 443 2030 filio
466 1959 632 2052 mendam
655 1953 800 2048 gregorii
822 1953 938 2024 ferrari
961 1953 1016 2022 cui
1039 1974 1138 2046 supra
1152 1973 1274 2024 nomen
1289 1953 1465 2045 papalonec
1488 1953 1575 2024 ldest
1591 1956 1717 2046 integra

299 2081 441 2160 danda
463 2103 537 2152 mea
560 2080 601 2152 de
624 2089 712 2150 terra
735 2099 802 2172 que
824 2075 1012 2148 nominatur
1034 2085 1067 2146 at
1090 2086 1220 2148 centum
1244 2077 1348 2171 posita
1372 2077 1407 2152 in
1429 2076 1505 2148 loco
1529 2077 1588 2172 qui
1612 2077 1721 2147 nomi·

299 2221 395 2282 netur
419 2229 614 2278 maranum:
647 2230 713 2277 una
745 2227 822 2276 cum
850 2204 1022 2277 arboribus
1045 2214 1078 2278 et
1101 2227 1177 2276 cum
1199 2207 1369 2277 introitum
1393 2229 1489 2277 suum
1513 2215 1546 2276 et
1569 2205 1719 2284 omnihus

299 2331 362 2407 sibi
386 2332 619 2431 pertinentibus
642 2329 824 2424 pertinente
856 2329 939 2401 mihi
962 2351 1021 2422 per
1043 2338 1254 2422 parentorum
1277 2353 1428 2402 meorum
1451 2331 1632 2402 Goherente
1655 2332 1719 2402 sibi

301 2461 342 2532 cla
366 2461 459 2531 amba
474 2436 583 2531 'latera
607 2467 695 2529 terra
718 2469 775 2530 tua
798 2457 971 2530 memorati
994 2457 1084 2528 leoni
1105 2457 1219 2528 serrari
1234 2457 1328 2530 sicuti
1343 2459 1428 2528 inter
1442 2479 1477 2528 se
1496 2459 1581 2550 sepis
1597 2459 1720 2530 exlicat

300 2586 399 2660 etde
423 2607 491 2660 uuo
515 2583 619 2676 capite
651 2591 738 2654 terra
771 2581 904 2655 ecclesie
931 2580 1033 2652 sancti
1058 2581 1210 2652 castrensi
1233 2580 1328 2652 sicuti
1351 2583 1435 2676 sepis
1459 2582 1600 2652 exlicat:
1624 2591 1656 2651 et
1680 2581 1720 2654 de

302 2711 367 2784 alio
390 2711 494 2806 capite
518 2710 651 2781 coheret
674 2719 760 2780 terra
784 2710 851 2779 ursi
874 2707 1073 2780 vicedomini
1095 2730 1159 2777 nuc
1182 2732 1263 2781 vero
1286 2709 1437 2780 monachi
1462 2711 1556 2780 sicuti
1580 2711 1664 2782 inter
1679 2733 1713 2782 se

303 2839 387 2932 sepa
411 2839 549 2910 exunat:
574 2837 614 2908 ae
638 2835 756 2931 quibus
779 2833 865 2906 nihil
891 2833 975 2904 mins
1005 2833 1124 2906 exsere
1147 2834 1280 2928 aliquod
1303 2813 1457 2906 remens
1480 2845 1536 2904 aut
1559 2834 1721 2908 resersus

302 2965 421 3038 necin
444 2964 544 3036 aliena
569 2965 727 3060 cuiusque
750 2986 888 3058 persona
911 2964 1001 3057 quod
1025 2961 1107 3032 absit
1130 2961 1279 3032 commisi
1305 2971 1361 3030 aut
1384 2961 1450 3032 iam
1465 2961 1633 3031 committo
1657 2983 1720 3054 po-

303 3099 467 3163 testatemz
491 3092 547 3162 sed
571 3115 589 3157 a
614 3090 755 3182 presenti
779 3089 832 3160 die
848 3095 881 3158 et
896 3087 1046 3180 deinceps
1070 3087 1327 3180 prenomminate
1344 3088 1470 3178 integra
1486 3088 1628 3158 clusurio
1646 3109 1720 3161 mea

304 3219 345 3290 de
368 3227 548 3288 memorata
572 3225 658 3286 terre
681 3238 747 3312 que
769 3213 956 3284 nominatur
979 3223 1012 3280 at
1035 3220 1166 3282 centum
1189 3213 1293 3304 posita
1309 3214 1344 3281 in
1359 3221 1540 3282 memorato
1557 3213 1630 3283 loco
1645 3237 1723 3284 ma-

305 3367 421 3415 ranum
445 3342 540 3412 sicuti
564 3343 634 3412 illas
658 3365 716 3434 per
738 3347 932 3411 memorales
955 3322 1157 3408 coherenties
1180 3339 1463 3432 exsegregabimus
1477 3341 1561 3412 sicut
1576 3341 1724 3435 superius

305 3467 425 3560 legitur
449 3489 514 3536 una
538 3489 613 3536 cum
638 3465 809 3536 arboribus
834 3473 867 3534 et
890 3485 967 3534 cum
990 3461 1138 3532 introitas
1162 3485 1237 3534 suas
1261 3473 1293 3534 et
1308 3465 1460 3535 omnibus
1476 3465 1537 3534 sibi
1552 3467 1724 3558 pertinen-

307 3592 393 3664 tibus
416 3593 596 3686 pertinente
628 3590 710 3660 mihi
735 3613 794 3683 per
817 3596 1026 3682 parentorum
1048 3608 1198 3656 meorum
1222 3610 1241 3653 a
1265 3609 1318 3654 me
1342 3587 1401 3656 tibi
1426 3589 1467 3656 sit
1491 3589 1723 3660 venumdatum

307 3729 341 3790 et
363 3719 520 3788 traditum
545 3717 577 3786 in
602 3727 659 3786 tua
683 3717 811 3810 tuisque
834 3713 1007 3785 heredibus
1022 3711 1086 3782 sint
1100 3718 1290 3805 potestatem
1310 3711 1467 3804 quicquid
1483 3712 1600 3782 exinde
1619 3714 1723 3786 iacere

308 3841 475 3915 volueritis
498 3842 635 3910 liberam
659 3863 785 3932 semper
808 3839 929 3910 abeatis
951 3844 1165 3930 potestateme
1190 3844 1223 3906 et
1245 3855 1351 3926 neque
1367 3859 1386 3903 a
1403 3857 1454 3904 me
1471 3846 1650 3906 memorato
1667 3838 1726 3908 eli-

309 3987 411 4061 gerno
437 3965 622 4058 negotiante
647 3985 753 4058 neque
777 3987 794 4030 a
820 3963 900 4032 meis
924 3961 1098 4032 heredibus
1125 3982 1186 4030 nce
1209 3985 1228 4029 a
1251 3959 1346 4029 nobis
1370 3981 1542 4052 personam
1566 3961 1724 4032 summis-

309 4116 378 4164 sam
402 4092 492 4164 nullo
515 4101 661 4183 tempore
684 4112 828 4184 numqua
851 4099 888 4162 tu
911 4095 1092 4160 memorato
1115 4089 1209 4160 leone
1232 4087 1368 4159 ferrario
1393 4053 1456 4157 auf
1472 4088 1536 4158 tuis
1556 4087 1727 4163 heredibus

313 4223 403 4316 quod
428 4219 510 4290 absit
533 4219 652 4290 abeatis
680 4218 795 4289 exinde
828 4217 1004 4313 aliqnando
1037 4229 1182 4313 tempore
1206 4239 1413 4312 quacumque
1436 4215 1646 4310 requisitione
1672 4230 1729 4289 aut

311 4348 459 4420 molestia
482 4370 541 4441 per
565 4345 689 4416 nullum
712 4345 848 4416 modum
871 4343 1060 4440 nullamque
1083 4343 1301 4416 adimbentam
1324 4343 1450 4413 ratione
1474 4366 1533 4413 nec
1558 4367 1615 4437 per
1633 4369 1729 4417 sum·-

182 4477 187 4486 ’
313 4473 444 4543 missam
468 4493 637 4564 personam
660 4497 679 4540 a
704 4493 791 4540 nunc
815 4481 848 4541 et
871 4471 906 4540 in
929 4471 1094 4566 perpetuis
1118 4469 1330 4563 temporibus.
1358 4470 1490 4564 insuper
1514 4481 1546 4543 et
1569 4472 1610 4542 ab
1634 4473 1727 4544 omni

315 4595 472 4668 ommines
496 4595 651 4688 omnique
676 4617 812 4687 persona
834 4596 924 4666 omui
946 4603 1093 4689 tempore
1117 4617 1179 4688 ego
1196 4605 1228 4666 et
1243 4595 1414 4666 heredibus
1431 4597 1511 4667 meis
1528 4597 1587 4666 tibi
1603 4599 1730 4691 tuisque

317 4721 491 4794 heredibus
513 4721 630 4790 exinde
653 4721 689 4791 in
711 4721 862 4792 omnibus
887 4729 1045 4794 antestare
1069 4732 1101 4793 et
1125 4725 1289 4794 defensare
1306 4723 1478 4793 debeamus
1494 4725 1730 4817 propterquod

319 4849 426 4943 accepi
450 4875 469 4920 a
492 4856 525 4920 te
549 4848 666 4918 exinde
690 4849 725 4922 in
749 4849 904 4943 presentis
928 4851 963 4921 in
986 4873 1117 4922 omnem
1141 4849 1301 4922 decisione
1324 4874 1382 4922 seu
1406 4848 1633 4922 deliberatione
1651 4851 1732 4922 idest

318 4975 391 5046 auri
413 4975 532 5048 solidos
556 4974 703 5046 tridecim
726 4976 767 5047 de
792 4977 851 5046 tari
876 5001 935 5048 ana
959 4978 1123 5071 quadtuor
1145 4975 1206 5046 tari
1230 5000 1289 5070 per
1315 4999 1515 5072 unoquoque
1539 4977 1657 5049 solidos
1688 4978 1733 5048 si-
