4876 6520
1443 667 1456 762 r
1479 675 1521 736 τε
1546 668 1559 764 )

789 845 874 914 citur
906 839 1171 936 vigintiquinque
1203 839 1238 908 in
1270 835 1387 908 finibus
1418 831 1534 904 liburie
1567 849 1666 926 quam
1690 835 1722 898 et
1744 823 1856 896 inclita
1880 835 1967 896 sorte
1991 827 2032 899 de
2055 833 2153 902 terris
2177 845 2210 905 et

788 969 878 1040 silvis
901 967 936 1036 in
951 965 1006 1038 via
1030 965 1150 1036 munda
1165 972 1198 1032 et
1214 962 1332 1032 inclitis
1355 956 1528 1030 territoriis
1552 955 1592 1026 de
1616 954 1702 1023 intus
1726 952 1820 1022 laneo
1844 953 1880 1022 in
1904 951 1978 1024 loco
2004 955 2063 1025 nbi
2089 957 2212 1032 dicitnr

788 1115 940 1188 campora
964 1101 997 1161 et
1020 1099 1106 1162 terra
1130 1090 1215 1158 seras
1239 1096 1338 1178 ponte
1360 1083 1495 1155 casalini
1519 1081 1626 1173 arripa
1648 1079 1688 1149 de
1703 1075 1776 1169 ipsu
1793 1077 1976 1152 carbonam
1992 1079 2027 1149 in
2044 1105 2108 1175 qna
2124 1107 2213 1157 nunc

786 1232 881 1294 ortus
899 1241 967 1292 esse
990 1216 1119 1289 ridetur
1143 1221 1176 1282 et
1198 1222 1289 1283 curte
1313 1221 1347 1281 et
1368 1211 1464 1280 terris
1487 1209 1523 1278 in
1546 1207 1620 1278 loco
1643 1204 1797 1276 bitulacci
1820 1206 1879 1278 ubi
1902 1207 2021 1280 dieitur
2046 1211 2087 1281 ad
2104 1221 2211 1286 tutum

787 1357 820 1417 et
842 1349 910 1442 ipsa
934 1351 1025 1414 curte
1048 1343 1089 1411 de
1118 1349 1229 1410 sancto
1261 1336 1417 1433 stephano
1450 1335 1493 1407 ad
1522 1333 1610 1405 soola
1638 1355 1735 1428 greca
1764 1334 1891 1428 etipse
1914 1343 2008 1428 prato
2031 1359 2109 1408 enm
2132 1341 2211 1412 silba

787 1474 852 1546 sibi
875 1471 1047 1544 eoniuncta
1070 1475 1104 1538 et
1126 1465 1231 1538 tribus
1254 1464 1386 1536 molinis
1419 1465 1502 1536 lacta
1531 1469 1606 1534 sunt
1634 1460 1669 1531 in
1692 1459 1762 1554 ipsa
1785 1481 1871 1554 aqua
1893 1459 1934 1530 de
1958 1463 2030 1556 ipso
2053 1485 2152 1536 saone
2176 1469 2211 1540 in

787 1609 898 1672 monte
921 1597 1061 1670 marsico
1086 1603 1119 1666 et
1142 1593 1276 1670 ecclesia
1300 1601 1409 1664 sancte
1432 1593 1595 1662 somnae
1619 1609 1683 1684 que
1705 1610 1792 1659 nune
1817 1589 1978 1660 destructa
1993 1592 2209 1667 msexvidetnr

785 1748 850 1820 que
874 1723 954 1794 olim
978 1729 1163 1793 constructa
1187 1719 1249 1789 luit
1272 1718 1365 1788 iuxta
1397 1715 1504 1787 lacum
1534 1713 1695 1808 patriense
1722 1735 1800 1782 cum
1822 1713 1941 1806 viginti
1964 1715 2068 1788 tribus
2091 1721 2211 1792 modiis

788 1850 829 1922 de
852 1850 948 1920 terris
970 1869 1052 1940 ques
1074 1866 1183 1939 preses
1206 1852 1239 1912 et
1262 1851 1364 1913 terras
1387 1851 1420 1912 et
1442 1840 1566 1912 molina
1590 1847 1623 1908 et
1644 1849 1774 1932 pratum
1798 1847 1831 1910 et
1853 1841 1949 1912 silvas
1968 1848 2225 1936 'tn-preconis

788 1987 863 2048 nata
885 1975 1017 2046 domina
1042 1973 1150 2044 aloara
1173 1972 1364 2065 principissa
1387 1992 1446 2063 per
1470 1989 1664 2042 remensum
1692 1979 1726 2040 et
1753 1967 1953 2061 largietatem
1981 1969 2105 2042 domini
2131 1975 2211 2044 lan-

789 2099 909 2173 denolfi
932 2097 1065 2192 gloriosi
1089 2095 1245 2192 principis
1269 2105 1301 2166 et
1324 2093 1449 2165 domini
1472 2092 1580 2187 gisolfi
1602 2093 1747 2164 tiliorum
1770 2102 1903 2165 tuorum
1926 2093 1961 2164 in
1979 2093 2123 2187 predicta
2147 2121 2204 2168 ec·

788 2227 884 2298 clesia
906 2227 1007 2296 sancti
1030 2224 1181 2296 laurentii
1205 2224 1239 2292 in
1264 2245 1330 2318 qua
1353 2225 1414 2294 den
1439 2220 1615 2293 auxiliante
1641 2245 1810 2295 serrorum
1840 2224 1892 2295 dei
1916 2221 2089 2296 cenobium
2112 2226 2211 2296 ordi-

788 2353 870 2423 nasti
887 2349 1042 2420 offeruisti
1057 2349 1234 2420 secundnm
1250 2347 1398 2420 ordinem
1414 2370 1514 2442 quem
1528 2347 1696 2419 continent
1714 2348 1900 2420 offertiones
1914 2349 2058 2422 eiusdem
2074 2351 2209 2426 ecclesie

786 2501 862 2550 cum
885 2477 937 2550 bis
961 2479 1082 2548 etenim
1104 2489 1137 2548 et
1161 2500 1237 2548 cum
1261 2479 1333 2549 aliis
1356 2477 1508 2549 omnibus
1531 2479 1633 2550 rebus
1656 2479 1719 2552 sibi
1741 2478 1977 2572 pertinentibus
2001 2479 2045 2553 sit
2068 2483 2209 2574 predicta

787 2608 920 2679 ecclesia
943 2607 1088 2679 absolute
1111 2607 1214 2678 libera
1237 2620 1276 2679 ut
1299 2607 1500 2700 prediximus
1524 2608 1641 2679 amodo
1666 2617 1699 2678 et
1722 2607 1882 2702 deinceps.
1908 2607 1949 2677 ab
1973 2610 2062 2678 omni
2086 2613 2207 2683 cendi·

788 2732 882 2804 cione
906 2731 1185 2826 archiepiscopalis
1208 2731 1438 2804 dominationis
1453 2753 1551 2827 quem
1566 2731 1757 2802 ammodum
1771 2733 1860 2803 nullo
1875 2733 1954 2806 olim
1971 2743 2116 2828 tempore
2132 2740 2209 2832 qni-

786 2857 865 2928 libct
881 2867 1068 2930 nostrorum
1083 2879 1306 2929 successorum
1322 2855 1579 2952 archipresulem
1593 2879 1651 2927 seu
1666 2857 1882 2928 sacerdotum.
1900 2857 1953 2929 rel
1972 2861 2206 2956 cuiuscumque

786 2984 904 3076 gradus
927 2983 1121 3054 clericerum
1153 2983 1188 3054 in
1220 2983 1332 3052 eadem
1361 2981 1496 3053 ecclesia
1527 3001 1585 3052 seu
1608 2980 1642 3050 in
1666 2981 1729 3052 illis
1753 2980 1894 3053 ecclesiis
1918 3005 1982 3077 que
2007 2983 2037 3054 ei
2061 2985 2209 3056 subiecta

789 3111 912 3182 tuerint
935 3111 1004 3183 sive
1028 3134 1109 3205 quas
1132 3119 1273 3184 rectores
1294 3111 1432 3204 predicti
1455 3109 1583 3184 cenobii
1615 3109 1650 3180 in
1681 3109 1778 3178 rebm
1801 3108 1868 3178 iam
1892 3111 1956 3181 fate
1977 3111 2110 3184 ecclesie
2133 3137 2209 3184 ree-

786 3235 987 3308 dificaberint
1009 3238 1062 3308 vel
1086 3237 1324 3309 construxerint
1346 3237 1469 3310 nullam
1493 3236 1680 3308 dominandi
1703 3237 1865 3308 licentiam
1889 3237 2028 3332 habeant
2052 3240 2104 3311 vel
2128 3245 2206 3312 een-

786 3385 859 3432 sum
884 3363 1025 3459 aliquem
1059 3375 1115 3440 aut
1144 3366 1287 3439 reditum
1311 3367 1421 3458 exigat
1444 3365 1484 3436 de
1507 3365 1554 3435 eis
1576 3364 1629 3434 vel
1654 3363 1694 3434 de
1718 3365 1841 3436 cunctis
1864 3365 2065 3459 pertinentiis
2090 3391 2204 3440 carum

784 3487 918 3581 nulique
942 3487 1033 3564 alteri
1057 3488 1188 3561 ecclesie
1213 3489 1405 3562 subiaceant.
1436 3488 1543 3560 setin
1567 3487 1634 3558 sola
1658 3497 1812 3581 potestate
1837 3489 1959 3562 abbatis
1983 3513 2041 3564 sen
2065 3495 2205 3565 rectoris

784 3612 843 3704 qui
867 3635 924 3704 per
948 3633 1006 3684 vos
1029 3622 1062 3692 et
1085 3637 1143 3706 per
1168 3625 1291 3686 vestros
1315 3612 1450 3684 heredes
1474 3613 1508 3682 in
1531 3613 1642 3688 eadem
1659 3613 1794 3684 ecclesia
1808 3615 1909 3685 sancti
1925 3615 2075 3688 laurentii
2090 3617 2125 3688 in
2141 3641 2209 3714 qua

784 3741 1015 3818 monasterium
1040 3741 1101 3812 deo
1124 3741 1255 3812 iubente
1278 3742 1444 3813 ordinatus
1467 3741 1565 3813 fuerit
1589 3764 1665 3813 oum
1689 3743 1822 3836 integris
1845 3743 1911 3815 suis
1935 3746 2139 3840 pertinentiis
2152 3771 2206 3819 eas

783 3863 924 3936 subditas
948 3889 1016 3936 esse
1041 3887 1219 3936 censemus.
1245 3888 1286 3936 eo
1309 3875 1391 3959 quot
1414 3864 1595 3958 predictum
1618 3867 1850 3940 monasterium
1874 3871 2066 3965 inproprie
2098 3881 2207 3944 vestm

784 3993 946 4067 territorio
977 3993 1210 4064 construxistis.
1243 3994 1451 4066 concedimus
1482 3996 1581 4068 etiam
1612 3999 1733 4089 prefate
1757 4008 1865 4068 sancte
1889 4000 2020 4070 ecclesie
2044 4012 2081 4070 nt
2106 4001 2205 4072 abbas

784 4121 926 4192 eiusdem
950 4121 1014 4192 loci
1037 4124 1172 4217 eiusque
1195 4125 1403 4216 congregatio
1419 4121 1546 4218 publice
1558 4139 1667 4216 poseat
1681 4126 1894 4196 monasticum
1914 4127 2063 4200 ordinem
2087 4151 2207 4200 secun-
2324 4200 2331 4209 ,

783 4247 861 4316 llum
886 4245 974 4339 quod
1005 4245 1052 4316 eis
1082 4257 1169 4318 recte
1191 4249 1293 4316 cisum
1316 4247 1415 4318 fixerit
1444 4248 1484 4317 ad
1513 4247 1640 4318 laudem
1664 4251 1716 4326 dei
1740 4251 1991 4325 ecclesiastem
2015 4265 2202 4327 mustruere

781 4381 813 4438 et
836 4369 1021 4442 reedificare
1046 4379 1083 4441 ut
1105 4371 1305 4464 prediximus
1329 4373 1364 4442 in
1387 4372 1485 4443 rebus
1507 4371 1651 4443 eiusdem
1679 4373 1807 4444 cenobii
1831 4374 1952 4470 absque
1976 4379 2067 4449 omni
2091 4389 2203 4452 nostra

783 4506 1034 4592 nostronrmque
1059 4520 1278 4568 successorum
1302 4495 1529 4568 contrarietate
1545 4493 1596 4566 vel
1611 4495 1832 4580 molestatione
1855 4509 2042 4574 construere
2066 4513 2098 4574 et
2121 4530 2201 4579 ree·

779 4624 907 4694 dificare
932 4626 1094 4698 licentiam
1118 4639 1150 4698 ct
1173 4634 1361 4720 potestatem
1385 4624 1532 4696 babeant.
1558 4633 1590 4695 et
1606 4624 1793 4720 episcopum
1816 4651 1915 4722 quem
1936 4631 2099 4704 voluerint
2121 4656 2204 4728 pro-¹

778 4751 895 4825 ducere
928 4755 997 4829 sive
1029 4756 1223 4829 adelicandas
1248 4752 1395 4824 ecclesias
1424 4753 1492 4826 sive
1525 4753 1686 4848 adalind
1716 4755 1943 4852 quodcumque
1975 4759 2016 4828 ad
2039 4781 2120 4852 opus
2145 4763 2197 4832 dci

703 4884 708 4897 '
781 4885 897 4956 amodo
921 4895 953 4957 et
976 4887 1203 4982 inperpetuum
1230 4893 1416 4978 potestatem
1443 4883 1569 4956 abeant.
1595 4883 1704 4968 oleum
1729 4909 1808 4958 vero
1832 4895 1864 4958 et
1888 4887 2003 4960 crisim
2027 4897 2059 4961 et
2081 4890 2198 4975 firma-
