4876 6520
915 695 929 782 (
959 698 998 758 ¹³
1024 693 1040 781 l

277 881 341 952 que
359 855 458 927 modo
482 852 569 923 badit
591 852 631 922 ad
654 848 805 920 iamdicta
829 847 961 920 ecclesia
984 847 1084 918 sancti
1100 845 1171 916 rufi.
1186 845 1270 914 inira
1285 843 1380 914 ambo
1395 843 1457 914 iste
1471 843 1558 937 petie·
1571 853 1602 914 et
1621 865 1691 914 mo-

278 987 330 1056 dia
348 985 411 1056 dua
435 979 600 1076 perpessi
624 978 717 1048 nobis
739 977 774 1046 in
798 975 960 1048 cambium
984 975 1109 1046 dedisti.
1139 974 1253 1045 abente
1285 996 1346 1066 pro
1378 995 1595 1066 unoquenque
1618 997 1693 1042 mo-

279 1111 334 1178 dio
360 1109 400 1178 de
424 1115 509 1177 terra
533 1102 764 1174 rationabiliter
794 1100 827 1170 in
858 1101 993 1194 longum
1021 1121 1129 1193 passos
1152 1099 1283 1191 triginta
1307 1109 1339 1169 et
1362 1120 1420 1190 per
1443 1097 1568 1190 singula
1592 1099 1694 1190 capita

277 1245 353 1307 sunt
377 1255 485 1328 passos
509 1231 641 1323 triginta
665 1231 705 1300 ad
729 1229 949 1322 supradictum
973 1249 1101 1320 passum
1125 1235 1357 1296 mensuratum.
1393 1227 1464 1317 lpsa
1491 1223 1583 1295 tertia
1608 1226 1692 1316 petia

281 1365 320 1433 de
345 1373 431 1432 terra
455 1359 489 1427 in
516 1358 631 1429 eodem
644 1357 718 1426 loco
725 1403 854 1424 ......
861 1354 971 1425 limata
987 1353 1193 1445 minoreque
1210 1351 1283 1421 abet
1298 1351 1370 1420 linis
1385 1351 1425 1420 ab
1440 1375 1506 1420 uno
1521 1351 1619 1420 latere
1634 1353 1696 1420 fine

280 1485 334 1553 bia
358 1484 495 1577 publica.
529 1505 594 1576 que
624 1479 715 1549 badit
747 1487 780 1548 et
802 1479 891 1550 benit
914 1501 972 1570 per
995 1477 1067 1569 ipso
1090 1476 1163 1544 looo
1187 1485 1218 1544 et
1241 1474 1331 1544 badit
1355 1475 1396 1544 ad
1419 1475 1689 1544 comminianuur.

281 1611 357 1679 Atia
388 1609 455 1677 latu
479 1609 542 1677 fine
565 1617 650 1677 terra
673 1613 779 1673 vestra
794 1625 859 1695 que
875 1601 966 1672 vobis
990 1600 1183 1671 reserbastis.
1200 1619 1269 1668 unu
1284 1621 1367 1690 capu
1383 1599 1417 1668 in
1433 1599 1485 1669 bia
1503 1599 1616 1670 antica.
1634 1601 1698 1668 aliu

289 1759 370 1830 capu
394 1744 480 1807 tenet
503 1736 536 1804 in
562 1733 640 1804 riale
663 1731 749 1801 unde
765 1753 824 1822 per
839 1739 963 1822 tempus
978 1751 1063 1820 aqua
1079 1725 1229 1797 decurrit.
1245 1749 1310 1818 que
1326 1723 1420 1795 decer
1426 1775 1532 1796 .....
1540 1726 1600 1796 heo
1617 1739 1701 1796 terra

287 1873 319 1930 et
342 1872 425 1932 terra
450 1860 490 1928 de
514 1855 684 1949 nepotibus
707 1851 866 1923 landelfrit
889 1849 1033 1920 notarius
1061 1849 1118 1942 qui
1147 1847 1266 1920 dicitur
1289 1846 1402 1917 filictu.
1436 1849 1511 1920 ldeo
1536 1849 1617 1917 infra
1643 1851 1700 1918 iu-

284 1989 385 2058 dicate
409 1983 483 2054 linis
499 1985 539 2055 de
555 1983 583 2052 is
598 1981 690 2052 dictis
707 1980 791 2074 petia
806 1978 935 2050 dedistis
957 1977 1051 2046 nobis
1065 1976 1182 2048 exinde
1197 1975 1232 2046 in
1248 1976 1410 2046 cambium
1425 1985 1511 2047 terra
1527 1999 1584 2069 per
1602 1999 1699 2046 men-

284 2137 358 2182 sura
383 2111 492 2182 modia
516 2113 555 2180 de
580 2120 663 2181 terra
686 2107 816 2202 propias
839 2107 970 2200 triginta
979 2153 1188 2176 ..........
1196 2129 1254 2198 per
1277 2127 1565 2200 unumquemque
1589 2105 1698 2176 modio

286 2241 327 2308 de
351 2249 436 2308 terra
460 2233 691 2305 rationabiliter
714 2231 749 2302 in
773 2231 907 2324 longum
931 2249 1039 2324 passos
1062 2229 1193 2322 triginta
1209 2239 1241 2300 et
1255 2253 1312 2323 per
1328 2229 1454 2322 singula
1471 2229 1574 2322 capita
1591 2231 1699 2299 ratio-

287 2361 435 2432 nabiliter
458 2381 567 2452 passos
593 2357 731 2448 triginta.
764 2355 805 2425 ad
837 2375 985 2423 mensura
1019 2353 1059 2423 de
1087 2351 1271 2446 supradicto
1303 2377 1398 2447 passu
1428 2353 1557 2424 landoni
1581 2356 1699 2423 seniori

292 2486 424 2559 castaldi
432 2533 584 2556 .......
592 2483 653 2553 beo
677 2491 784 2552 autern
808 2480 958 2552 iamdicta
975 2479 1107 2570 triginta
1122 2481 1187 2549 dua
1202 2480 1312 2550 modia
1326 2481 1365 2548 de
1381 2489 1465 2547 terra
1480 2501 1538 2570 per
1553 2481 1702 2548 iamdicta

290 2635 440 2684 mensura
454 2613 536 2681 inira
551 2609 710 2680 iamdictis
725 2609 809 2677 finis.
828 2606 869 2676 de
884 2604 1097 2697 suprascripte
1114 2617 1177 2673 tres
1191 2604 1276 2698 petie
1292 2605 1332 2675 de
1349 2615 1434 2675 terre
1449 2605 1587 2699 qualitor
1609 2630 1705 2700 supe-

292 2743 361 2811 rius
385 2739 526 2808 diximus
552 2759 615 2806 una
639 2757 715 2803 curn
731 2733 862 2802 arbores
878 2739 999 2802 etcum
1015 2731 1123 2800 omnia
1141 2731 1227 2800 intro
1242 2731 1407 2802 abentibus
1422 2733 1531 2804 subter
1546 2744 1578 2805 et
1593 2757 1702 2828 super.

295 2875 328 2933 et
352 2883 428 2932 cunr
450 2860 503 2932 bie
526 2883 584 2930 sae
608 2855 747 2926 intrandi
772 2865 805 2925 et
829 2854 956 2925 exiendi
981 2863 1076 2924 cunta
1093 2867 1125 2924 et
1140 2856 1263 2949 integra
1279 2857 1347 2950 ipsa
1370 2857 1463 2929 nobis
1486 2859 1520 2928 in
1543 2857 1705 2931 cambium

295 2987 424 3058 dedistis
441 2995 473 3056 et
487 2983 662 3056 tradidistis
686 2983 725 3052 ad
747 2983 982 3074 possessionem
1003 2990 1145 3051 nostram
1161 2993 1194 3053 et
1209 2983 1249 3054 de
1265 2985 1384 3055 nostris
1397 2985 1569 3057 heredibus
1592 2987 1707 3057 abendi

295 3125 326 3182 et
351 3111 537 3204 possedendi
553 3121 584 3180 et
600 3107 734 3178 faciendi
758 3107 876 3177 exinde
898 3109 1004 3178 omnia
1029 3133 1094 3203 que
1113 3107 1206 3177 nobis
1221 3110 1407 3202 placuerint.
1431 3122 1537 3182 tumen
1556 3113 1706 3184 iamdicta

296 3239 428 3328 triginta
462 3235 569 3304 modia
603 3233 642 3302 de
675 3245 758 3304 terra
792 3256 856 3326 que
880 3231 971 3302 vobis
997 3233 1031 3302 in
1056 3233 1197 3326 predicta
1225 3231 1333 3303 limata
1358 3233 1482 3306 minore
1507 3236 1636 3308 dedistis
1660 3252 1707 3307 est
1768 3287 1771 3292 -

296 3366 485 3433 coniuntum
510 3363 550 3432 de
573 3385 641 3430 unu
665 3361 732 3430 latu
756 3371 789 3430 et
812 3383 880 3430 unu
904 3383 984 3456 capu
1018 3359 1198 3454 supradicte
1224 3361 1278 3431 bie
1302 3371 1333 3432 et
1357 3363 1401 3433 de
1422 3363 1484 3434 alio
1509 3387 1590 3456 capu
1615 3367 1705 3436 iam-

295 3491 382 3560 dicto
406 3487 496 3557 riale.
522 3485 614 3556 Unde
639 3485 678 3554 de
702 3485 852 3556 iamdicta
875 3495 1057 3556 mensurata
1082 3495 1166 3557 terra
1189 3487 1332 3582 qualiter
1351 3491 1498 3582 superius
1522 3491 1614 3561 nobis
1645 3494 1708 3560 de-

301 3611 389 3681 distis
413 3619 451 3678 ut
475 3609 597 3680 dictum
622 3618 678 3678 est
702 3631 761 3678 neo
777 3609 871 3679 vobis
885 3631 945 3679 neo
961 3609 1134 3680 alicuilibet
1158 3611 1274 3684 exinde
1297 3613 1417 3683 nullam
1442 3614 1634 3684 roserbastis
1659 3627 1706 3683 sct

298 3737 459 3828 integram
483 3736 571 3828 ipsos
596 3735 687 3803 nobis
712 3735 745 3802 in
777 3733 940 3803 cambium
971 3735 1101 3804 dedistis
1126 3745 1159 3807 et
1192 3737 1364 3806 tradidistis
1387 3739 1471 3808 sicut
1502 3739 1536 3806 in
1567 3740 1705 3829 presenti

298 3861 391 3930 uobis
416 3883 474 3952 per
498 3857 653 3927 cartulam
677 3857 896 3927 confirmastis.
926 3859 974 3928 Ea
1002 3859 1084 3927 ratio
1108 3869 1266 3952 quatenus
1290 3863 1407 3930 amodo
1430 3876 1461 3932 et
1484 3884 1621 3953 semper.
1651 3885 1709 3932 uos

297 3983 357 4076 qui
383 4005 481 4074 supra
505 3980 656 4051 domiuus
679 3979 836 4050 atenolfus
861 3989 892 4049 et
915 3979 1063 4050 dominus
1086 3979 1285 4052 landenolius
1300 3994 1332 4052 et
1348 3983 1496 4053 luidolfus
1520 3995 1552 4054 et
1567 3985 1710 4078 gisolfus.

301 4123 333 4180 et
357 4109 471 4181 vestris
497 4108 644 4178 eredibns
669 4107 803 4176 firmiter
828 4106 945 4178 abeatis
970 4117 1002 4177 et
1025 4107 1212 4200 possideatis
1234 4107 1271 4177 in
1292 4107 1417 4202 integra
1440 4109 1622 4204 supradicta
1646 4135 1712 4182 no-

297 4249 362 4306 stra
384 4234 606 4306 cambiationis
627 4245 658 4304 et
682 4233 805 4304 iacietis
829 4233 946 4304 exinde
970 4233 1078 4304 omnia
1096 4259 1160 4328 qne
1177 4234 1270 4306 vobis
1285 4235 1451 4330 placuerit.
1475 4239 1517 4307 Et
1532 4238 1712 4332 obligemus

300 4389 357 4434 nus
382 4365 438 4458 qui
463 4386 558 4456 supra
582 4361 704 4431 solllcto
729 4373 760 4431 et
784 4362 867 4454 petri
893 4371 924 4431 et
948 4361 1026 4432 sassi
1050 4361 1188 4433 iohanne
1213 4373 1245 4434 et
1270 4365 1384 4456 angelo
1408 4376 1440 4436 et
1464 4365 1546 4458 petri
1570 4365 1664 4434 marti
1681 4381 1713 4437 et

301 4488 438 4558 iolranue
462 4499 494 4556 et
517 4485 661 4554 maraldo
685 4493 717 4554 et
741 4484 881 4555 iohanne
904 4483 1055 4576 gallicula
1072 4493 1104 4556 et
1120 4487 1239 4559 nostris
1264 4489 1414 4558 aradibus
1432 4488 1524 4560 vobis
1540 4491 1598 4583 qui
1614 4513 1711 4583 supra

303 4611 425 4682 domini
456 4609 583 4680 atenolfi
616 4607 787 4678 landenolfi
819 4619 851 4679 et
884 4607 1004 4678 laidolli
1029 4619 1060 4681 et
1084 4607 1197 4701 gisolfi.
1223 4611 1386 4702 germanis
1413 4622 1446 4680 et
1470 4613 1508 4686 ad
1532 4625 1715 4682 uestrorum

303 4735 462 4806 eredibus.
488 4737 611 4829 integre
635 4735 816 4826 supradicte
842 4736 943 4808 terris.
969 4761 1034 4830 que
1057 4734 1149 4806 vohis
1172 4737 1318 4829 superius
1334 4739 1368 4806 in
1384 4738 1546 4809 carubium
1569 4739 1718 4809 dedimus

303 4871 334 4928 et
361 4859 562 4930 tradidimus.
595 4859 763 4929 defendere
796 4867 828 4927 et
860 4868 1018 4929 antestare
1040 4879 1181 4952 semper.
1206 4883 1224 4926 a
1249 4869 1338 4952 parte
1362 4859 1519 4930 uxoribus
1542 4859 1658 4930 nostris
1681 4876 1716 4934 et

302 4984 344 5052 ab
376 4982 447 5053 abis
479 4981 653 5054 homnibus
685 4979 870 5052 bominibus
901 4981 942 5050 ab
965 4981 1119 5074 omnique
1145 4981 1298 5075 partibus.
1322 4981 1356 5051 Si
1381 4991 1488 5052 autem
1513 4981 1599 5078 ipsos
1623 4985 1722 5058 vobis
