4876 6520
953 610 967 708 (
990 612 1046 708 8)

918 891 1111 966 mxxuv.

393 1157 425 1252 †
446 1157 485 1228 In
507 1151 640 1226 nomine
662 1148 787 1224 domini
809 1148 862 1222 dei
884 1148 1051 1222 euvenus
1073 1147 1175 1220 nestri
1198 1146 1295 1223 fbesu
1316 1144 1435 1222 Christi
1458 1149 1638 1246 Imperante
1660 1152 1719 1225 do-
1790 1175 1841 1224 an.

298 1286 389 1360 mine
411 1291 522 1356 nosbo
544 1277 659 1352 basilio
681 1299 801 1370 magno
822 1277 1019 1372 Imperatore
1042 1299 1128 1348 anno
1142 1275 1294 1348 vicesimo
1310 1277 1432 1371 primo:
1450 1278 1506 1350 sed
1520 1287 1718 1352 etconstan-
1766 1289 1851 1352 981.

300 1413 370 1484 tino
392 1431 512 1504 magno
529 1407 725 1500 Imperatore
741 1425 827 1476 anno
842 1403 1083 1476 octabodecime
1099 1403 1150 1476 die
1167 1402 1279 1498 quintu
1296 1403 1413 1475 mensis
1428 1404 1527 1497 magii
1542 1405 1718 1480 indictione

300 1559 387 1610 nona
409 1533 552 1628 neapolit
570 1532 631 1602 Per
647 1551 744 1604 suum
759 1530 897 1626 denique
920 1527 1109 1622 dispositum
1124 1528 1292 1620 disponere
1306 1527 1417 1624 itaque
1430 1529 1518 1602 visas
1533 1529 1595 1603 fuit
1609 1553 1716 1626 quon·

301 1666 376 1738 dam
397 1660 537 1733 ma'rtine
560 1657 743 1728 cafeiolario
765 1665 843 1727 natu
866 1656 1031 1750 quondam
1063 1653 1187 1726 domini
1218 1654 1351 1726 Iohanni
1375 1663 1413 1727 ut
1436 1657 1477 1728 ad
1500 1658 1578 1730 eius¹
1593 1657 1719 1732 obitum

300 1793 390 1862 daret
413 1810 474 1882 pre
497 1785 603 1857 anima
626 1805 686 1854 sua
708 1783 872 1877 quondam
895 1781 1178 1877 annaposteriora
1193 1781 1313 1854 coniux
1326 1783 1398 1856 eius
1415 1805 1481 1856 une
1495 1807 1570 1858 cum
1585 1787 1717 1881 quidem

299 1918 425 1989 leonem
449 1913 516 1986 filio
540 1934 600 1984 suo
622 1911 781 2006 previgno
804 1910 967 2004 quondam
981 1919 1162 1982 memorato
1176 1911 1317 1984 martino
1329 1909 1513 1985 ealcioinrio
1530 1913 1570 1985 de
1585 1914 1717 2009 propria

299 2065 395 2114 causa
419 2041 549 2112 illorum
566 2059 607 2108 oc
626 2045 673 2110 est
687 2035 760 2107 auri
779 2035 844 2105 tari
867 2034 1089 2131 quadraginta.
1103 2057 1161 2130 per
1174 2035 1322 2108 manibus
1344 2038 1466 2110 nostrin
1484 2037 1632 2110 videlicet
1646 2047 1717 2112 ste·

300 2161 410 2266 pbano
433 2166 539 2239 abbati
552 2163 730 2260 presbitero
752 2163 938 2235 monasterii
962 2163 1062 2234 sancti
1085 2163 1251 2258 pelegrini.
1269 2172 1304 2238 et
1318 2165 1445 2237 marino
1460 2163 1528 2238 filio
1550 2167 1716 2262 quondam

302 2293 425 2370 domini
443 2289 601 2386 gregorii.
625 2298 657 2361 et
680 2288 836 2360 anastasio
860 2288 927 2359 filio
951 2287 1118 2384 quondam
1141 2289 1264 2361 domini
1288 2287 1420 2361 iohanni
1436 2311 1476 2361 oc
1490 2297 1541 2362 est
1557 2291 1718 2365 distribu-

300 2415 427 2491 toribus
448 2415 556 2486 anime
579 2412 651 2484 eins
673 2422 707 2483 et
729 2411 992 2486 distribueremus
1018 2435 1076 2506 pro
1099 2412 1171 2484 eius
1194 2413 1300 2483 anima
1321 2413 1415 2482 sicuti
1430 2423 1626 2486 memoratus
1649 2417 1720 2488 eius

301 2537 492 2634 dispesitm
515 2536 703 2607 continent:
729 2545 762 2605 et
784 2544 960 2604 memorate
985 2533 1090 2602 henna
1113 2541 1146 2602 et
1168 2533 1295 2602 leonem
1318 2531 1506 2625 genitricem
1528 2543 1561 2604 et
1575 2535 1642 2607 filio
1657 2559 1718 2630 pro

297 2658 476 2732 memorati
499 2658 561 2727 fari
584 2655 705 2727 havere
728 2655 811 2725 idest
834 2655 958 2744 integra
981 2675 1046 2726 uno
1063 2653 1152 2748 petis
1177 2656 1217 2726 de
1240 2664 1326 2726 terra
1349 2678 1406 2728 sue
1433 2657 1536 2752 posita
1564 2659 1604 2730 ad
1627 2659 1719 2734 iilum

308 2801 425 2858 errore
447 2778 531 2850 iusta
555 2777 663 2848 miano
686 2797 763 2846 cum
786 2775 956 2850 arvernas
980 2787 1013 2846 et
1036 2775 1205 2848 introitum
1227 2799 1322 2850 suum
1345 2789 1381 2851 et
1400 2779 1550 2852 omnibus
1564 2783 1626 2854 sivi
1640 2805 1720 2877 per-

301 2907 479 2984 tinentibus
508 2917 541 2980 et
562 2908 595 2980 in
621 2929 680 2979 sua
711 2915 887 2978 memorata
911 2915 944 2975 et
965 2905 1095 2976 leonem
1128 2904 1315 2997 genitricem
1340 2915 1373 2978 et
1395 2907 1463 2978 filio
1486 2917 1519 2980 et
1541 2909 1582 2981 de
1604 2931 1719 2981 eorum
1754 2969 1756 2974 .

301 3035 476 3109 heredibus
499 3045 580 3106 meet
603 3041 792 3127 potestatem
816 3031 976 3127 quidquid
997 3029 1112 3104 exinde
1126 3033 1230 3103 faeere
1254 3031 1430 3104 volueritis.
1443 3042 1478 3104 et
1498 3033 1526 3104 si
1540 3044 1721 3106 memorata

302 3165 388 3230 canna
404 3168 437 3230 et
451 3157 579 3230 leonem
602 3155 788 3248 genitricem
806 3165 838 3226 et
852 3153 921 3224 fifio
936 3154 1105 3224 memorati
1120 3155 1181 3226 tari
1197 3155 1409 3250 quodraginta
1426 3156 1501 3228 dere
1516 3157 1657 3228 noluerit
1671 3158 1718 3229 li·

300 3287 440 3358 centiam
463 3283 657 3355 beveremus
679 3304 739 3353 nos
753 3280 939 3354 memoratis
962 3281 1184 3356 distributores
1208 3283 1422 3377 adpreendene
1437 3293 1470 3356 et
1488 3287 1626 3358 vendere
1644 3309 1718 3359 me·

297 3411 428 3486 uibrata
453 3415 539 3483 terra
563 3419 596 3482 et
619 3411 760 3505 pretinm
793 3431 891 3504 quem
915 3409 1033 3482 exinde
1063 3409 1243 3482 tullerimus
1276 3409 1538 3484 distribueremns
1564 3435 1624 3507 pro
1647 3414 1718 3486 eim

298 3544 410 3616 anfus
433 3541 517 3614 siem
541 3547 759 3610 memoratum
773 3537 843 3609 eius
855 3537 1045 3631 dispositum
1067 3537 1251 3609 continent:
1269 3547 1302 3609 et
1316 3537 1392 3632 quia
1409 3541 1571 3634 quondam
1587 3563 1719 3614 memo·

295 3681 378 3741 rata
398 3669 504 3741 banna
529 3666 707 3762 posteriora
732 3665 847 3737 eonius
869 3665 939 3736 eius
962 3665 1147 3736 secundm.
1171 3667 1297 3738 Umana
1320 3667 1475 3762 fragilitas
1498 3667 1626 3739 defunto
1651 3679 1715 3738 est:

305 3799 402 3870 Nunc
437 3805 546 3868 antem
578 3793 739 3865 comvenit
762 3793 845 3863 inter
869 3813 929 3862 nos
951 3792 1138 3862 memoratis
1170 3792 1400 3864 distributores.
1425 3803 1458 3864 et
1480 3815 1539 3866 vos
1571 3792 1720 3864 videficet

305 3919 456 3992 iohanne.
481 3927 514 3988 et
537 3923 717 3987 memorato
739 3915 865 3984 leonem
888 3911 1049 4005 germanie
1071 3909 1234 4005 prevignis
1257 3915 1421 4007 quondam
1441 3923 1620 3988 memorate
1636 3938 1721 3986 mar·

306 4047 376 4117 tino
399 4039 591 4114 calcielario.
608 4045 641 4109 et
663 4037 693 4108 Λ
716 4037 855 4131 presenti
879 4037 931 4124 die
954 4034 1176 4128 promtissima.
1201 4036 1382 4109 voluntate:
1409 4039 1670 4114 venundedimus
1687 4050 1719 4112 ct

306 4169 499 4244 tradidimus
520 4167 634 4240 vobisc
661 4166 744 4238 idest
767 4171 944 4235 memorata
966 4163 1090 4256 integra
1114 4161 1198 4255 petia
1222 4164 1360 4234 deterre
1382 4164 1486 4258 positu
1502 4167 1542 4238 ad
1558 4166 1649 4239 illurn
1666 4191 1719 4237 ar-

303 4317 390 4370 vore
408 4293 621 4370 insoniam
639 4313 720 4384 cnm
743 4290 910 4364 arvoribiis
931 4289 1105 4361 fructiferis
1127 4289 1179 4360 vel
1202 4289 1418 4361 infructiferis.
1441 4289 1536 4362 simul
1560 4313 1636 4364 eum
1660 4293 1718 4362 in-

304 4419 402 4492 troito
425 4441 486 4490 suo
508 4427 541 4490 et
564 4415 717 4489 omnibns
740 4415 803 4487 siri
826 4413 1073 4509 pertinentibus:
1099 4413 1159 4508 qui
1181 4412 1313 4486 nuberet
1336 4413 1398 4484 sivi
1422 4415 1463 4488 de
1486 4437 1554 4488 uuo
1569 4417 1669 4488 latere
1684 4427 1717 4488 et

300 4551 347 4621 de
369 4547 562 4642 uno'capite
584 4553 671 4618 terra
692 4543 849 4616 heredum
863 4525 1043 4636 ¹'qs'rondam
1068 4539 1199 4612 iebanni
1229 4539 1378 4634 pirisini:
1405 4542 1501 4614 etde
1524 4543 1589 4614 aiio
1616 4545 1719 4636 capite

305 4683 392 4745 terra
413 4681 517 4744 uncte
540 4669 654 4763 agathe
677 4671 718 4742 de
742 4667 893 4742 calestia:
913 4675 945 4738 et
969 4647 1012 4738 en
1035 4665 1098 4736 alin
1121 4665 1221 4738 fatere
1244 4664 1298 4737 via
1316 4665 1462 4758 publica:
1489 4666 1539 4736 De
1555 4689 1620 4760 qna
1637 4641 1719 4738 nibil

307 4797 400 4871 nobis
423 4793 538 4866 exinde
560 4792 721 4864 remansid
744 4815 803 4862 nec
826 4791 860 4861 in
884 4791 987 4862 aliena
1009 4809 1169 4884 persone:
1195 4788 1415 4862 commisimus
1440 4797 1647 4883 potestatem:
1673 4791 1719 4862 lta

309 4932 347 4999 ut
370 4947 389 4995 a
412 4939 498 4994 nuno
521 4925 554 4992 et
577 4915 725 5011 deinceps
747 4925 923 4989 memorata
946 4915 1070 5009 integra
1093 4912 1178 5008 petia
1201 4915 1241 4987 de
1264 4923 1348 4986 terra
1371 4915 1483 5010 posite.
1507 4915 1549 4989 ad
1571 4913 1630 4988 illu
1658 4939 1719 4990 ar-
