4906 6520
1398 675 1540 776 (aas)

1433 955 1520 1027 mh
1641 941 1644 949 .

654 1244 707 1290 an,
868 1225 959 1319 ΗΠ
982 1147 1661 1301 Mamaeanas
1692 1173 1789 1249 neu
1821 1172 1941 1249 cheac
1964 1175 2029 1249 ne
2056 1183 2183 1254 aare:

394 1391 400 1399 ,
432 1389 438 1398 ,
537 1343 573 1410 ,
630 1353 703 1379 ω
741 1301 936 1384 --narnunus
959 1307 1070 1381 div'ma
1093 1307 1260 1394 ordinante
1285 1305 1490 1399 providentia
1511 1303 1786 1398 longovardorum
1802 1301 1906 1396 gentis
1921 1303 2091 1399 princepsa
2109 1327 2183 1378 cum

558 1439 565 1449 '
774 1433 956 1528 principalis
978 1432 1166 1504 excellentia
1190 1431 1338 1526 petitioni
1361 1429 1468 1502 dilecti
1492 1430 1543 1502 sui
1556 1429 1678 1522 petenti
1697 1428 1870 1500 clementer
1886 1425 1984 1500 iavet.
2000 1430 2105 1524 Igitur
2120 1455 2183 1503 no-
2228 1495 2235 1516 ,

775 1564 858 1634 verit
881 1561 1028 1632 omnium
1051 1559 1196 1632 fidelium
1219 1570 1416 1630 nostrorum.
1458 1557 1656 1651 presentium
1678 1555 1800 1628 scilieet
1822 1577 1860 1625 ac
1885 1556 2075 1628 futurorum
2097 1580 2186 1652 saga-

692 1673 700 1686 ’
776 1690 877 1759 citas:
904 1687 1066 1772 Quoniam
1089 1709 1163 1779 pars
1186 1685 1329 1778 puhhlici
1353 1707 1396 1756 ex
1420 1683 1597 1778 antiquitus
1620 1683 1686 1750 iam
1708 1703 1767 1776 per
1782 1681 1949 1773 sexaginta
1971 1703 2083 1753 annos.
2099 1692 2131 1754 et
2146 1708 2182 1756 eo

776 1811 914 1904 amplim
937 1808 1039 1878 livera
1063 1815 1229 1898 potestate.
1253 1807 1354 1878 enuit
1370 1815 1403 1877 et
1417 1805 1579 1878 dominata
1594 1815 1643 1876 eet
1666 1804 1798 1876 eihihaa
1821 1805 2017 1899 subscriptae
2033 1805 2186 1878 ecelesias.

777 1959 853 2006 cum
877 1934 973 2004 rebus
996 1942 1029 2002 at
1052 1931 1146 2004 terris
1161 1931 1197 2002 in
1211 1953 1264 2002 eas
1287 1932 1480 2026 pertinentes
1495 1957 1504 2001 a
1530 1932 1614 2002 ldeet
1637 1931 1772 2004 ecelesia
1794 1941 1902 2004 sancte
1916 1933 2025 2006 marie
2040 1903 2074 2006 el
2088 1931 2190 2004 saneti

780 2055 932 2128 meandri.
956 2065 988 2126 et
1011 2055 1112 2124 saneti
1135 2053 1320 2148 angelique
1336 2053 1455 2125 dicitm
1478 2053 1519 2124 ad
1543 2054 1682 2126 cioalusi.
1707 2063 1740 2127 et
1761 2055 1893 2127 ecclesia
1909 2055 2008 2126 saneti
2023 2077 2141 2126 cosme.
2158 2063 2191 2123 et

782 2184 884 2254 saneti
907 2181 1016 2252 donati
1039 2181 1079 2250 de
1102 2180 1175 2250 loeo
1199 2179 1348 2254 vitelacci
1370 2189 1403 2250 et
1419 2181 1671 2275 uniuscuiusque
1686 2179 1872 2276 principum
1886 2201 2104 2274 preceesorum
2121 2203 2191 2250 no-

783 2321 926 2413 strorum
938 2317 1035 2401 prout
1051 2306 1225 2378 voluerunt
1237 2308 1304 2377 suis
1320 2307 1500 2400 petentibus
1516 2307 1671 2380 fidelihus.
1685 2308 1812 2380 easdam
1824 2307 1969 2380 eeclesias
1980 2317 2013 2378 et
2024 2328 2077 2378 res
2093 2313 2192 2400 atque

783 2447 884 2504 terrae
914 2451 1026 2502 earum
1060 2429 1292 2527 pertinentibus
1317 2432 1484 2527 usquead
1508 2441 1635 2524 tempus
1659 2433 2132 2504 dedaaatetconceasernnt.
2158 2441 2189 2500 et

784 2580 870 2631 nunc
885 2556 1032 2629 dimissae
1055 2555 1206 2626 anostrie
1223 2555 1369 2628 fidelihus
1386 2567 1418 2626 et
1433 2565 1541 2627 nostre
1554 2555 1637 2649 parti
1653 2555 1796 2650 puhhlici
1812 2556 1977 2628 redierunt
1990 2563 2190 2649 potestatem.

783 2684 924 2778 predicte
947 2705 1028 2755 vero
1050 2681 1182 2752 ecclesie
1206 2701 1281 2752 cum
1298 2681 1395 2753 rebus
1410 2703 1524 2754 emuna
1539 2680 1617 2751 olim
1634 2684 1764 2753 luerunt
1777 2681 1969 2778 pertinentes
1985 2688 2092 2752 ennete
2106 2679 2189 2750 sedis

780 2811 878 2880 huius
902 2831 1043 2902 capuano
1066 2818 1174 2880 nostre
1197 2806 1339 2878 civitati:
1371 2806 1469 2878 Medo
1492 2817 1601 2876 autem
1624 2807 1773 2878 dominus
1797 2804 2017 2900 gisemhardus
2042 2806 2189 2899 egregius

785 2935 982 3029 archipresul
1005 2935 1151 3006 eiusdem
1173 2933 1257 3006 sedis
1281 2943 1423 3006 nostram
1447 2933 1626 3006 obsecravit
1650 2934 1879 3014 excellentiam.
1904 2933 2055 3028 quatinus
2070 2953 2192 3004 conce-

785 3063 934 3132 deremns
957 3081 1018 3153 pro
1043 3061 1095 3130 dei
1118 3081 1230 3130 amere
1252 3059 1421 3154 animeque
1444 3067 1551 3130 nostre
1575 3055 1731 3127 mercedis
1747 3067 1857 3126 nostro
1874 3055 2067 3128 monasterio
2091 3057 2192 3126 sancti

783 3183 948 3258 laurentii.
986 3185 1045 3276 qui
1068 3183 1237 3255 hedificato
1260 3193 1308 3253 est
1331 3183 1417 3253 intus
1440 3183 1522 3254 hanc
1546 3191 1689 3254 nostram
1712 3200 1888 3273 capuanam
1910 3179 2085 3252 civitatem.
2110 3204 2193 3276 pro-

785 3312 908 3400 pinquo
930 3318 1058 3402 portam
1082 3329 1145 3400 que
1170 3305 1288 3375 dicitur
1310 3327 1496 3398 capuanam.
1520 3307 1604 3378 ldest
1627 3307 1765 3400 integras
1788 3306 1916 3376 easdem
1947 3305 2094 3378 eeclesias
2118 3331 2192 3380 cum

785 3431 934 3504 omnihus
957 3430 1054 3502 rebus
1077 3441 1110 3501 et
1134 3431 1228 3504 terrie
1251 3451 1361 3502 auum
1377 3429 1572 3524 ubicumque
1589 3430 1704 3502 exinde
1721 3431 1889 3504 inventum
1906 3429 2039 3502 dederit.
2056 3433 2107 3503 De
2120 3436 2194 3527 qui-

785 3558 846 3627 hus
869 3555 949 3650 petit
969 3581 989 3626 a
1011 3563 1119 3625 nostra
1142 3553 1338 3624 excellentia.
1363 3563 1399 3626 ut
1422 3553 1457 3626 in
1481 3555 1604 3648 prelato
1627 3564 1739 3624 nostro
1762 3554 1965 3626 monasterio.
1984 3557 2021 3627 ln
2044 3579 2108 3652 qua
2132 3559 2191 3629 da-

786 3686 893 3754 minus
916 3681 1048 3753 iacchus
1072 3680 1264 3753 venerahilis
1287 3681 1385 3752 ahhas
1407 3691 1512 3776 preest
1536 3681 1651 3753 exinde
1679 3681 1835 3756 firmitatis
1858 3681 1964 3776 apices
1986 3681 2113 3757 mittere
2138 3685 2194 3754 iu-

785 3825 944 3877 vcremus.
961 3805 1052 3875 euius
1068 3821 1178 3898 preces
1192 3801 1409 3877 exaudientes·
1425 3801 1507 3874 hanc
1522 3803 1681 3875 firmitatis
1697 3805 1820 3898 apicem
1835 3805 1869 3879 in
1884 3804 2039 3900 prephato
2053 3809 2190 3878 cenario

786 3942 897 4006 nostro
922 3931 1038 4002 exinde
1061 3929 1132 4002 lieri
1155 3930 1329 4002 iussimus:
1363 3932 1424 4002 Per
1455 3953 1537 4027 quos
1568 3931 1702 4004 omnino
1727 3933 1886 4010 nucinas
1910 3943 1943 4006 et
1966 3935 2192 4029 perpetualiter

786 4059 960 4152 prephatus
985 4068 1093 4129 noster
1116 4059 1339 4130 monasterius.
1365 4068 1398 4128 et
1419 4061 1488 4152 ipse
1510 4037 1659 4132 dominus
1679 4059 1810 4134 iacchus
1834 4061 1930 4133 ahhas
1953 4063 2088 4157 eiusque
2114 4083 2195 4133 auc-

789 4205 928 4255 cesaeres
941 4191 974 4253 et
988 4193 1112 4276 partem
1127 4182 1269 4253 eiusdem
1284 4181 1478 4253 monasterii.
1490 4181 1616 4253 easdem
1631 4183 1780 4256 ecclesiae
1791 4195 1824 4258 et
1836 4209 1888 4259 ree
1903 4208 2023 4260 earum
2037 4186 2196 4259 ahendum

789 4312 906 4382 nostris
930 4319 963 4380 ct
985 4311 1101 4382 iuturis
1123 4308 1322 4402 temporibus
1357 4308 1562 4380 concedimus
1585 4311 1619 4380 in
1643 4313 1799 4405 prephato
1832 4313 2028 4386 monasterio
2051 4337 2108 4408 per
2133 4315 2194 4386 hoc

789 4445 937 4506 nostrum
972 4436 1147 4506 roboreum
1181 4444 1375 4528 preceptum.
1398 4435 1480 4527 ipsas
1512 4433 1669 4528 predictas
1702 4439 1858 4510 ecclesias.
1884 4441 2034 4512 videlieet
2068 4441 2198 4514 ecelesia

788 4571 895 4634 sancte
919 4560 1030 4630 marie.
1054 4571 1086 4629 et
1107 4561 1206 4631 sancti
1229 4561 1394 4660 nicandri
1409 4571 1442 4630 et
1465 4563 1566 4632 sancti
1589 4563 1693 4656 angeli
1717 4587 1782 4659 que
1798 4565 1921 4639 deciana
1938 4567 2078 4641 eicalusi.
2093 4579 2125 4638 et
2140 4593 2198 4642 ec·

790 4685 884 4756 cleeia
909 4683 1009 4756 sancti
1032 4705 1148 4755 cosme.
1173 4693 1205 4754 et
1227 4684 1329 4754 saneti
1351 4682 1460 4754 donati
1484 4682 1621 4756 deloco
1645 4687 1793 4759 vitolacci
1816 4711 1892 4762 cum
1924 4691 2076 4769 omnihus
2103 4697 2198 4769 rehue

790 4818 822 4876 et
844 4809 937 4878 terrie
961 4829 1093 4878 emam:
1123 4805 1320 4897 ubicumque
1343 4805 1458 4881 exinde
1481 4805 1649 4881 inventum
1673 4811 1805 4886 dederit.
1831 4815 1878 4885 Ea
1902 4817 2051 4891 videlieet
2075 4824 2197 4892 ratione

788 4935 943 5026 predictas
968 4933 1112 5004 ecclesias
1135 4952 1210 5002 cum
1232 4929 1329 5000 rebus
1352 4938 1384 4999 et
1408 4930 1500 5001 terris
1524 4943 1618 5026 atque
1653 4937 1852 5028 pertinentiis
1883 4963 2014 5016 ‚aarum,
2040 4957 2074 5018 et
2096 4951 2196 5018 nostri
