4906 6520
1456 689 1601 784 (reo)

1470 973 1603 1048 couvi.

696 1266 754 1315 nn.
915 1239 1000 1336 †1n
1013 1237 1146 1312 nomine
1160 1231 1287 1312 domini
1301 1231 1355 1307 dei
1369 1229 1538 1304 salvatoris
1553 1230 1657 1303 nostri
1670 1229 1767 1304 ihesu
1781 1229 1901 1304 Christi
1914 1232 2099 1328 imperante
2115 1237 2248 1311 domino

682 1375 769 1460 ⁹9⁷·
821 1374 934 1444 nostro
955 1367 1071 1441 basilio
1094 1388 1215 1462 magno
1237 1366 1436 1458 Imperatore
1459 1382 1546 1432 anno
1562 1360 1729 1433 tricesimo
1742 1359 1899 1433 hoctebos
1914 1361 1971 1434 sed
1988 1372 2020 1433 et
2031 1363 2245 1438 Constantino

821 1499 920 1570 trater
944 1495 1014 1566 eius
1035 1514 1156 1588 magno
1178 1487 1374 1586 imperatore
1397 1509 1482 1560 anno
1506 1485 1671 1560 tricesimo
1694 1487 1829 1580 quinto:
1853 1487 1908 1559 die
1926 1487 2081 1562 vicesima
2103 1491 2243 1564 secunda

822 1620 941 1696 mensis
963 1615 1147 1692 nobembrii
1163 1615 1339 1685 indictione
1352 1611 1527 1685 undecimo
1543 1607 1689 1704 neapoli=
1706 1609 1803 1680 heere
1819 1607 1884 1681 iam
1899 1611 2074 1704 premissos
2090 1623 2245 1708 quattuor

825 1771 927 1820 annos
949 1747 1053 1818 visens
1078 1767 1184 1834 neque
1207 1739 1271 1811 fuit
1293 1763 1356 1834 ego
1377 1738 1529 1812 videlieet
1551 1759 1680 1832 gemme
1703 1737 1838 1813 honesta
1861 1739 1983 1810 semina
2000 1740 2067 1812 tilia
2082 1743 2246 1837 quondum

826 1869 975 1943 iohannis
999 1865 1121 1938 horarii
1144 1864 1199 1935 cui
1232 1887 1328 1958 super
1358 1885 1478 1936 nomen
1509 1861 1659 1935 hermulo
1682 1860 1870 1935 infiduciare
1894 1886 1960 1935 una
1983 1887 2062 1940 eum
2084 1889 2242 1940 consensu

824 1997 941 2068 marini
965 1991 1157 2087 langubardi
1180 1992 1245 2061 viri
1269 1990 1360 2060 mei:
1386 1990 1446 2059 tibi
1460 1989 1620 2061 uidelicet
1642 1989 1737 2060 leone
1761 1989 1897 2060 ferrario
1922 2003 2061 2086 cognato
2085 2017 2159 2066 meo
2175 1995 2247 2068 filio

826 2119 989 2217 quondam
1012 2113 1156 2210 gregorii
1178 2115 1306 2186 terrarii
1330 2113 1384 2185 eui
1400 2135 1631 2208 supernomen
1646 2115 1822 2208 papelone:
1839 2113 1919 2184 idest
1934 2117 2059 2208 integra
2076 2142 2142 2188 una
2157 2122 2249 2214 petia

825 2269 898 2319 mee
921 2247 1072 2316 deterre
1095 2241 1155 2338 qui
1178 2249 1228 2312 est
1250 2239 1338 2309 intus
1361 2237 1504 2310 clusuris
1527 2241 1632 2333 posita
1655 2239 1691 2309 in
1705 2239 1778 2310 loeo
1793 2239 1852 2334 qui
1868 2239 2052 2310 nominetur
2068 2265 2244 2314 muranum

824 2385 858 2447 et
880 2372 1066 2445 norninatur
1098 2377 1132 2439 at
1163 2375 1315 2441 eentum:
1341 2389 1406 2438 une
1431 2388 1507 2436 eum
1530 2368 1677 2461 portione
1700 2389 1774 2440 mea
1797 2367 1837 2439 de
1861 2367 1981 2462 piscine
2004 2369 2063 2462 qui
2087 2377 2136 2440 est
2158 2369 2244 2440 intra

824 2503 893 2600 ipsa
917 2499 1061 2574 terrain
1084 2499 1156 2571 nuri
1180 2498 1243 2570 tari
1266 2497 1481 2593 quadraginta
1504 2497 1581 2566 voni
1606 2518 1686 2590 quas
1709 2507 1746 2565 tu
1770 2495 1854 2566 mihi
1877 2495 2024 2567 dedistis:
2050 2504 2087 2566 ut
2103 2519 2244 2568 -memo-

823 2641 894 2704 rata
925 2629 1011 2725 petie
1043 2651 1086 2699 ex
1118 2628 1188 2722 ipsu
1219 2629 1306 2697 teira
1337 2648 1403 2698 une
1435 2649 1511 2696 euna
1543 2625 1611 2717 ipsa
1644 2621 1793 2718 portione
1826 2647 1870 2696 ex
1900 2623 1970 2718 ipsa
2003 2623 2128 2720 piscine
2152 2633 2187 2696 tn
2211 2634 2244 2697 et

824 2754 958 2826 heredes
980 2753 1045 2824 tuis
1068 2749 1142 2822 illos
1165 2759 1275 2822 tenere
1298 2757 1331 2821 et
1354 2749 1520 2822 dominare
1542 2748 1584 2819 de
1606 2757 1720 2840 suptus
1743 2757 1777 2819 et
1792 2771 1890 2842 super
1905 2747 2048 2841 srugiare
2065 2749 2151 2822 unde
2166 2750 2241 2820 nut-

823 2879 888 2951 lam
911 2891 1032 2952 sortem
1056 2878 1116 2949 tivi
1139 2877 1287 2973 tuisque:
1311 2875 1486 2947 heredibus
1508 2899 1722 2970 quereremus
1747 2899 1868 2970 usque:
1893 2875 1928 2945 in
1945 2876 2115 2947 memorati
2140 2889 2240 2971 quat-

827 3017 903 3076 tuor
928 3025 1029 3075 snnos
1053 2999 1199 3096 expletos
1222 2999 1307 3070 sieut
1329 3000 1364 3071 in
1388 2997 1541 3072 omuibus
1555 2997 1698 3070 continet
1716 2997 1863 3070 chartula
1878 2997 2128 3070 infiducietionis
2144 3024 2242 3094 quam

824 3130 970 3225 egotibi
1002 3127 1120 3200 exinde
1151 3127 1309 3200 fecimus:
1343 3133 1377 3196 et
1408 3126 1466 3198 uhi
1498 3126 1768 3220 eompleuerimus
1792 3135 2009 3198 memoratum
2032 3129 2242 3199 eonstitntum

824 3254 970 3326 iamdicti
998 3263 1152 3347 quattuor
1184 3253 1283 3322 anni:
1315 3260 1394 3322 tnnc
1416 3275 1478 3344 ego
1502 3263 1535 3322 et
1557 3251 1729 3326 heredibus
1753 3253 1834 3324 meis
1859 3253 1920 3325 tihi
1943 3253 2072 3350 tuisque
2106 3255 2243 3327 heredi-

825 3383 886 3452 bus
910 3377 1116 3448 renderemus
1141 3375 1311 3446 memorati
1334 3374 1397 3444 tari
1420 3375 1632 3468 quadraginta
1656 3387 1689 3448 et
1711 3399 1770 3448 nos
1785 3375 2048 3472 recolligeremus
2061 3393 2240 3452 memorata

809 3487 911 3576 ¹terro
936 3523 1013 3572 eum
1036 3507 1217 3572 memorata
1240 3500 1388 3591 portione
1412 3522 1454 3568 ex
1477 3498 1546 3591 ipsa
1569 3499 1691 3594 piscina
1714 3499 1749 3568 in
1772 3510 1881 3572 nostra
1904 3511 2059 3595 potestate
2075 3504 2241 3599 sicutipse

823 3629 970 3702 chartule
993 3627 1245 3699 infiduciationis
1267 3625 1429 3697 continet:
1461 3625 1648 3720 inserperet
1673 3649 1731 3719 per
1753 3628 1867 3698 eodem
1891 3628 2036 3700 chartula
2063 3631 2238 3705 infiducia-

822 3757 920 3828 tionis
942 3755 1037 3827 robis
1060 3753 1178 3825 exinde
1202 3753 1423 3824 firmavimus:
1450 3762 1487 3822 ut
1510 3753 1538 3823 si
1562 3761 1740 3824 memorata
1762 3763 1849 3824 terra
1873 3777 2035 3827 unacum
2059 3769 2237 3830 memorata

822 3883 973 3981 portione
996 3905 1039 3952 ex
1061 3882 1129 3974 ipsa
1153 3879 1276 3974 piscina
1298 3879 1494 3952 atrendere
1517 3879 1722 3952 obuerimus:
1746 3888 1823 3950 tuno
1847 3881 1908 3952 tibi
1932 3883 2083 3978 tuisque:
2110 3883 2239 3957 heredi·

820 4011 882 4080 bus
905 4007 978 4078 illos
1001 4003 1141 4077 uendere
1165 4004 1200 4074 in
1223 4004 1329 4096 pretio
1352 4012 1390 4074 ut
1410 4003 1511 4074 fuerit
1534 4003 1741 4096 etpretiatum
1765 4028 1784 4073 a
1808 4003 2081 4078 christianissimis
2097 4009 2178 4079 viris
2193 4010 2240 4080 si-

824 4141 880 4201 eut
900 4132 970 4224 ipsa
993 4127 1140 4200 chartula
1163 4125 1415 4200 infiduciationis
1429 4126 1572 4197 eontinet
1593 4149 1658 4222 que
1672 4149 1732 4198 nos
1747 4127 1808 4198 tibi
1824 4129 1941 4201 exinde
1957 4130 2110 4202 fecimus:
2135 4133 2232 4205 modo

820 4277 900 4328 sero
933 4255 1068 4328 venistis
1097 4261 1135 4324 tu
1158 4260 1341 4326 memorato
1367 4251 1462 4324 leone
1490 4252 1627 4324 ferrario
1649 4261 1789 4346 eognato
1811 4275 1885 4326 meo
1908 4263 1942 4327 et
1964 4257 2117 4352 quesistis
2141 4261 2236 4332 nobis

820 4393 857 4457 ut
880 4383 944 4477 ipsi
967 4383 1030 4452 turi
1053 4382 1266 4476 qnadraginta
1297 4379 1394 4453 robis
1422 4381 1630 4452 renderemus
1653 4387 1709 4451 aut
1730 4381 1798 4474 ipsa
1822 4390 1909 4454 terra
1932 4385 2026 4457 vobis
2050 4389 2236 4461 venumda-

818 4531 928 4586 remos
950 4509 1036 4582 sieut
1058 4507 1093 4577 in
1116 4506 1268 4578 omnibus
1291 4507 1362 4598 ipsa
1385 4505 1531 4578 chartula
1553 4506 1804 4580 infiduciationis
1828 4511 1993 4582 eontinet:
2020 4521 2053 4584 et
2077 4523 2115 4585 tu
2138 4515 2232 4588 nobis

818 4637 990 4710 retrudere
1013 4655 1111 4727 supra
1133 4629 1196 4724 ipsi
1211 4629 1275 4700 tari
1290 4627 1522 4724 quodraginta:
1548 4631 1632 4702 idest
1647 4630 1718 4701 euri
1734 4631 1797 4703 tari
1812 4631 1969 4706 sideeim:
1995 4633 2045 4706 De
2060 4658 2128 4730 qua
2142 4661 2236 4709 oom-

818 4761 908 4834 benit
928 4760 1014 4832 iuter
1035 4779 1090 4829 me
1114 4763 1292 4828 memorata
1313 4775 1465 4848 gemma:
1491 4761 1524 4824 et
1545 4765 1578 4826 te
1601 4753 1751 4826 videlieet
1773 4767 1954 4830 memorato
1977 4759 2070 4832 leone
2095 4763 2238 4837 ferrario

819 4896 956 4982 cognato
980 4908 1054 4959 meo
1078 4894 1111 4960 et
1134 4883 1165 4954 Α
1188 4881 1330 4978 presenti
1362 4880 1415 4956 die
1437 4881 1656 4976 promtissima
1680 4882 1859 4958 volumtate
1882 4907 1947 4958 nna
1973 4907 2050 4958 eum
2074 4911 2241 4964 consensu
