4876 6520
1380 612 1395 700 (
1427 609 1502 702 ¹⁸)

728 776 859 847 bomine
884 783 1041 845 antestare
1065 785 1098 842 ct
1120 771 1285 842 defensare
1318 770 1523 841 deveamus:
1558 769 1688 860 insuper
1722 767 1842 860 placuit
1867 767 1947 838 mibi
1974 787 2154 842 memorato

728 906 882 1000 stephano
905 903 1040 976 ferrario
1065 911 1102 999 ut
1124 901 1153 971 si
1175 899 1291 994 quovis
1322 907 1470 993 tempore
1490 897 1667 967 surrexerit
1695 897 1810 988 quevis
1845 918 2008 990 persona:
2037 911 2069 972 et
2094 927 2152 993 per

732 1032 801 1126 ipsa
825 1043 909 1102 terra
932 1053 997 1123 que
1021 1049 1084 1121 ego
1106 1024 1199 1098 vobis
1222 1021 1371 1116 superius
1395 1021 1586 1093 venumdedi
1610 1019 1765 1112 quesierit
1789 1019 1884 1090 abere
1907 1021 2057 1092 scmmita
2073 1033 2150 1095 tunc

733 1183 791 1234 ros
815 1160 907 1232 uobis
931 1179 991 1252 pro
1013 1157 1082 1250 ipsa
1105 1151 1251 1224 remmita
1274 1171 1340 1220 uon
1363 1147 1546 1241 provocetis
1563 1157 1596 1216 at
1609 1146 1829 1218 chausandum
1846 1157 1902 1218 aut
1926 1157 1959 1218 at
1982 1161 2150 1222 antestan-

731 1291 832 1361 dum:
856 1284 933 1377 quia
956 1283 1001 1353 itu
1024 1277 1105 1351 mibi
1126 1274 1267 1370 placuit:
1293 1273 1321 1344 si
1345 1285 1455 1344 autem
1477 1272 1569 1342 aliter
1593 1269 1765 1342 fecerimus
1790 1271 1831 1344 de
1854 1271 1883 1341 is
1907 1273 2058 1345 omuibus
2076 1300 2154 1348 me-

735 1413 866 1486 moratis
889 1432 946 1505 per
969 1409 1084 1502 quovis
1108 1405 1243 1477 modum
1267 1411 1324 1473 aut
1346 1401 1523 1474 summissis
1556 1399 1722 1495 personis:
1760 1409 1817 1472 tuc
1851 1423 2012 1496 compono
2037 1427 2099 1499 ego
2123 1417 2156 1478 et

736 1538 905 1612 heredibus
926 1533 1009 1606 meis
1031 1531 1123 1602 vobis
1146 1531 1326 1623 vestrisque
1349 1526 1521 1600 heredibus
1545 1527 1617 1597 ami
1649 1525 1769 1598 sciidos
1794 1549 1850 1599 sex
1875 1527 2099 1622 bythisntsos:
2127 1545 2159 1604 et

739 1665 799 1735 bec
822 1660 967 1732 chartula
990 1653 1184 1728 venditionis
1207 1663 1245 1724 nt
1268 1673 1364 1746 super
1387 1651 1524 1744 iegitur:
1551 1653 1592 1722 sit
1618 1654 1712 1724 [irma
1735 1653 1853 1749 scripta
1878 1675 1936 1748 per
1960 1677 2056 1727 mauu
2075 1659 2160 1729 leoni

738 1789 866 1862 curialis
890 1805 948 1879 per
973 1788 1149 1854 memorata
1172 1777 1296 1852 decima
1321 1777 1495 1850 indictione
1518 1776 1549 1868 †

835 1911 898 1982 hoc
921 1909 1050 2001 siguum
1072 1902 1103 1998 †
1127 1923 1265 1973 manus:
1291 1901 1461 1972 memorati
1485 1904 1630 1996 stephani
1645 1904 1783 2006 ‘terrarii
1800 1906 1891 1999 quod
1915 1927 1979 1998 ego
2001 1905 2059 1998 qui
2085 1929 2162 1978 me-

742 2049 882 2108 moratos
906 2034 946 2104 ab
969 2056 1012 2104 eu
1035 2040 1165 2124 rogatus
1195 2050 1256 2122 pro
1280 2051 1323 2099 eu
1346 2029 1519 2122 subscripsi
1543 2041 1575 2100 ct
1600 2030 1771 2102 memorati
1793 2031 1855 2101 tari
1880 2031 2012 2102 traditus
2042 2032 2108 2104 vidi
2133 2035 2164 2129 †

848 2163 878 2260 †
902 2183 963 2256 ego
987 2158 1156 2256 gregorius
1183 2155 1269 2229 filius
1292 2155 1415 2230 domiui
1440 2155 1506 2229 ursi
1532 2171 1661 2252 rogatus
1680 2181 1698 2226 a
1715 2160 1932 2255 suprascripto
1956 2162 2079 2230 steiano
2104 2173 2164 2234 test

747 2291 918 2384 subscripsi
942 2299 976 2362 et
999 2285 1206 2382 suprascripti
1229 2287 1291 2358 tari
1315 2285 1450 2360 triditos
1474 2286 1541 2359 bidi
1565 2283 1596 2380 †

839 2417 957 2513 †'egc
977 2414 1103 2508 sergium
1126 2411 1212 2486 filim
1236 2411 1362 2483 domini
1393 2411 1541 2482 iohannis
1572 2410 1723 2484 monachi
1753 2423 1885 2508 rugatus
1908 2439 1927 2483 a
1951 2415 2167 2509 suprascripto

746 2547 867 2620 setino
889 2543 962 2617 tati
985 2541 1158 2636 subscripsi
1182 2549 1215 2614 et
1237 2539 1446 2634 suprascripti
1470 2542 1532 2634 tari
1555 2539 1691 2614 traditos
1714 2540 1782 2614 bidi
1805 2541 1836 2638 †

799 2732 802 2738 .
838 2673 958 2768 †2egc
979 2671 1135 2744 iohannes
1159 2670 1245 2744 [iiius
1271 2668 1395 2740 domiui
1428 2667 1570 2765 gregorii
1606 2677 1737 2764 rogatus
1762 2695 1780 2740 a
1803 2671 2021 2766 suprascripte
2045 2673 2167 2744 steiano

748 2801 1015 2894 testi‘subscripsi
1039 2811 1072 2872 ct
1094 2799 1301 2896 suprascripti
1326 2801 1387 2870 tari
1412 2803 1546 2872 traditos
1569 2803 1639 2874 bidi
1663 2801 1693 2896 †

843 2924 967 3020 †Ego
990 2927 1044 2998 leo
1067 2927 1197 2998 curialis
1220 2926 1389 3020 Complevi
1411 2937 1444 2998 et
1467 2926 1604 3021 atpsolri
1629 2952 1687 3022 per
1712 2943 1890 3001 memorata
1922 2930 2045 3000 decima
2080 2931 2170 3002 indi-

753 3055 858 3127 ctione
880 3057 912 3150 †
