4876 6520
897 643 980 739 (⁴3
1005 643 1022 740 )
1111 671 1115 678 ·

250 807 372 882 iustum
395 805 494 880 nen
516 813 554 878 ut
575 825 674 900 super
697 803 816 900 legitur
838 799 874 874 in
896 809 1005 872 nostre
1031 803 1250 894 posterasque.
1277 801 1403 872 noetrm
1424 805 1667 898 memoremque

250 945 359 1008 nostre
382 931 641 1030 congregationis
663 932 726 1004 sint
749 939 948 1026 potestatem.
981 929 1096 1002 interis
1123 926 1275 1000 omnibns
1298 926 1385 998 stetit
1406 924 1491 1000 inter
1513 923 1668 1002 nohis‘ut

249 1060 277 1134 ri
301 1083 360 1134 vos
382 1061 570 1140 memoratu
592 1057 716 1152 iugales
739 1065 796 1129 rut
820 1053 959 1150 propriis
978 1053 1094 1127 nestris
1121 1053 1296 1128 heredibus
1327 1033 1403 1124 tod'n
1434 1049 1579 1126 osieritis
1601 1052 1670 1126 sine

248 1187 418 1282 proprium
439 1185 605 1266 ,heredem
635 1185 682 1253 ite
714 1191 753 1252 ut
782 1183 823 1256 de
854 1199 914 1254 vos
943 1189 1002 1251 aut
1032 1182 1073 1254 de
1104 1179 1219 1253 renuis
1242 1159 1382 1274 propriis
1404 1177 1578 1253 hoedum
1599 1199 1669 1250 non

250 1311 441 1385 remanserit
463 1309 616 1406 proprius
636 1307 772 1382 heredes
795 1314 875 1379 tunc
897 1306 1051 1378 sexuncie
1071 1313 1115 1379 ex'
1130 1307 1238 1400 ipsum
1252 1307 1403 1380 balneum
1419 1329 1496 1380 cum
1517 1305 1670 1378 omnibus

252 1440 299 1511 eis
321 1437 559 1533 pertinentibus
582 1437 616 1507 in
639 1445 749 1506 nostre
771 1440 989 1530 posterasque.
1012 1440 1137 1504 nostres
1152 1439 1395 1526 memorcthue
1408 1441 1517 1504 nostre
1533 1455 1670 1530 congre·

253 1566 393 1662 gationis
414 1565 617 1638 rehertentnr
639 1569 830 1659 potestatem
853 1559 963 1656 gratis.
986 1569 1020 1635 et
1040 1559 1185 1659 reliquus
1206 1559 1376 1633 sexunciss
1390 1561 1508 1636 exinde
1525 1563 1670 1636 similiter

252 1695 287 1766 in
310 1703 420 1767 nostru
441 1704 659 1789 posterasque.
682 1699 807 1763 nostrus
830 1690 932 1788 ipsius
954 1689 1039 1766 dicte
1062 1699 1172 1763 nostre
1186 1689 1447 1786 congregationis
1467 1693 1671 1765 rebor-tantur

253 1827 453 1914 potestatem.
477 1819 597 1888 Dentes
619 1817 737 1890 exinde
751 1837 811 1890 nos
828 1821 884 1888 eut
899 1825 1043 1912 posterus
1066 1823 1192 1888 nostres
1209 1825 1453 1914 memorutaqno
1467 1825 1577 1888 nostru
1591 1840 1671 1890 oon-

253 1944 399 2040 gregetio
422 1943 563 2039 pretium
585 1949 743 2040 quantum
775 1940 990 2037 appretiatum
1013 1941 1112 2016 suerit
1134 1942 1221 2037 ipses
1243 1940 1384 2039 reliquas
1419 1940 1588 2014 sexumion
1618 1943 1673 2012 cui

254 2069 305 2141 rel
329 2067 387 2142 ubi
410 2089 469 2140 vos
492 2065 714 2161 disposueritis
737 2075 794 2140 eut
814 2063 1035 2142 iudicaveritis
1057 2087 1117 2164 per
1133 2087 1248 2138 manus
1263 2068 1318 2137 cui
1334 2063 1564 2160 disposueritis.
1588 2075 1621 2135 et
1644 2065 1672 2135 si

254 2194 362 2288 ipsum
377 2193 519 2287 pretium
534 2193 612 2266 dere
626 2192 826 2266 noluerimus
848 2201 928 2266 tune
952 2193 1038 2288 ipses
1060 2191 1201 2292 reliques
1216 2192 1385 2264 sexunoies
1408 2216 1450 2265 ex
1474 2191 1583 2286 ipsum
1606 2189 1676 2298 1ιῦ-Υ

252 2343 352 2394 neum
375 2345 451 2395 cum
475 2321 627 2394 omnibus
649 2321 934 2418 cipertinentihns
957 2321 1053 2396 bedet
1069 2331 1101 2395 et
1116 2319 1258 2396 teneret
1273 2325 1327 2397 cui
1344 2321 1396 2396 vel
1420 2321 1478 2394 ubi
1501 2343 1561 2394 uos
1588 2301 1675 2392 iudi-

255 2447 406 2524 eureritis
429 2447 560 2543 absque
584 2446 674 2518 omni
698 2455 808 2520 nostra
830 2445 1057 2543 requesitione
1082 2457 1228 2518 notamen
1252 2469 1311 2540 per
1327 2447 1436 2541 ipsum
1459 2447 1629 2517 introitum
1644 2455 1678 2516 et

255 2585 348 2670 portu
371 2595 544 2645 commune
567 2571 688 2644 iterum
710 2591 771 2644 nos
794 2577 828 2643 et
850 2578 994 2665 posteras
1017 2577 1143 2642 nostres
1159 2579 1192 2640 et
1205 2568 1392 2644 hominibus
1408 2570 1466 2667 qui
1480 2569 1674 2642 uhimverint

255 2703 291 2776 in
315 2701 391 2796 ipsis
413 2699 529 2794 griptis
551 2698 670 2769 nostris
692 2697 824 2771 dicerem
847 2694 1025 2770 habeamus
1046 2696 1217 2790 ingredere
1240 2707 1273 2770 et
1296 2697 1449 2792 egredere
1476 2720 1553 2770 cum
1586 2697 1676 2770 omni

257 2841 365 2902 nostru
390 2837 560 2898 eteorum
584 2825 747 2898 utilitates.
771 2825 856 2910 Quia
873 2825 925 2897 'ita
948 2823 1032 2897 inter
1054 2821 1150 2898 nobis
1172 2824 1260 2898 stetit
1284 2833 1382 2924 utque
1409 2823 1614 2919 complacuit
1641 2825 1676 2896 Si

259 2964 368 3027 eutem
394 2975 451 3023 nos
474 2959 530 3021 unt
552 2959 694 3044 posteras
729 2960 852 3021 nostras
878 2945 929 3020 vel
952 2957 1147 3020 memoratus
1169 2955 1296 3020 sanctus
1318 2959 1428 3020 noster
1463 2949 1676 3022 monasterius

260 3081 377 3176 quovis
400 3091 545 3172 ternpore
567 3083 679 3148 contre
702 3069 787 3148 hene
809 3071 988 3149 chartulam
1012 3075 1237 3170 promissionis
1260 3085 1297 3150 ut
1318 3097 1416 3170 super
1436 3075 1555 3168 legitur
1571 3077 1681 3150 renim

263 3207 531 3301 presumserimns
555 3226 614 3297 per
637 3203 755 3297 quovis
777 3200 915 3277 modum
930 3211 987 3276 eut
1000 3201 1179 3276 summissis
1194 3203 1346 3300 personis.
1363 3215 1440 3274 tunc
1456 3205 1681 3299 componimus

261 3335 355 3406 vobis
378 3333 563 3426 vestrisque.
588 3332 727 3426 propriis
744 3331 918 3404 heredibus
932 3330 1003 3402 euri
1019 3329 1101 3404 libra
1118 3352 1183 3402 nne
1200 3332 1386 3428 bythientea
1402 3332 1509 3404 etheo
1533 3329 1679 3406 chartule

261 3457 483 3554 promissionis
516 3467 553 3526 ut
584 3478 681 3550 super
712 3456 832 3550 legitur
862 3457 904 3530 sit
935 3457 1048 3530 firmet
1071 3457 1191 3553 scriptu
1215 3479 1273 3552 per
1296 3481 1411 3530 manns
1434 3459 1517 3551 petri
1547 3456 1678 3528 curialis

261 3601 319 3674 per
341 3579 516 3651 indictione
538 3587 720 3650 memorata
743 3579 914 3652 undecima
929 3577 960 3674 †
973 3581 1045 3653 Hoc
1067 3581 1199 3674 signum
1214 3577 1245 3675 †
1259 3603 1374 3653 manus
1389 3590 1566 3653 memorate
1582 3581 1682 3653 drosu

261 3705 428 3778 abbatisse.
451 3704 580 3796 signum
595 3703 626 3798 †
642 3725 737 3774 marn
761 3725 895 3774 monaca
919 3703 1075 3796 cacapicc.
1098 3703 1228 3796 signum
1244 3701 1276 3801 †
1291 3727 1406 3775 munus
1420 3703 1583 3776 theoctisti
1605 3726 1680 3775 mo·

262 3833 364 3904 necne
387 3831 445 3926 qui
467 3853 699 3925 supernomen
721 3830 894 3900 seroniule.
918 3831 1048 3922 signum
1062 3829 1093 3924 †
1108 3853 1223 3904 manus
1237 3833 1339 3904 merie
1354 3829 1511 3904 monache
1533 3855 1597 3926 qne
1620 3855 1683 3905 su-

263 3980 322 4053 per
337 3979 455 4028 nornen
479 3953 679 4026 bolumbula.
702 3955 832 4046 signum
846 3953 875 4048 †
890 3977 1006 4026 manus
1033 3956 1192 4028 theodoru
1209 3957 1366 4028 monache
1379 3966 1412 4028 et
1429 3981 1512 4028 anne
1528 3959 1685 4032 monache

265 4095 297 4156 et
320 4085 421 4156 merie
438 4082 594 4154 monache
610 4083 649 4154 de
664 4081 723 4152 illu
739 4083 908 4176 episcopus
922 4083 1051 4176 signum
1067 4083 1226 4181 †munus
1240 4087 1341 4158 merie
1356 4085 1513 4159 monache
1527 4111 1684 4182 ceprennu

266 4221 298 4284 et
320 4233 402 4282 unna
426 4233 560 4283 monaca
584 4210 754 4281 sirrentine
778 4211 866 4304 quod
890 4187 953 4304 e'go
976 4211 1036 4307 qui
1055 4221 1250 4284 memoratos
1267 4237 1327 4307 pro
1343 4237 1396 4285 ees
1411 4213 1630 4312 subscripsi†
1651 4224 1685 4288 et

266 4341 330 4413 hoc
343 4339 513 4412 memorati
537 4359 647 4408 sumus
671 4345 709 4406 ut
726 4335 858 4407 amodo
874 4337 1070 4432 complentes
1085 4339 1168 4411 duos
1184 4363 1284 4412 annos
1299 4339 1333 4410 in
1349 4363 1447 4436 supra
1470 4343 1610 4415 debeatis
1625 4365 1686 4417 uos

268 4479 301 4540 et
323 4468 458 4540 heredes
481 4467 595 4538 vestris
611 4468 715 4537 iacere
731 4467 845 4560 grades
861 4467 992 4540 iavrites
1016 4467 1050 4539 in
1073 4469 1187 4540 eodem
1212 4469 1344 4540 hortum
1367 4479 1515 4543 nostrum
1531 4480 1569 4542 ut
1583 4474 1688 4564 cupite

269 4619 311 4666 ex
334 4596 419 4689 ipsus
442 4593 556 4687 grades
580 4593 689 4665 beniat
704 4604 736 4666 et
751 4594 891 4667 detineat
908 4595 942 4666 in
956 4595 1118 4668 solareum
1142 4605 1289 4670 nostrum
1313 4599 1399 4670 unde
1423 4621 1483 4670 nos
1498 4605 1532 4670 et
1546 4607 1690 4692 posteras

267 4730 391 4792 nostres
414 4743 580 4791 ascensum
604 4733 636 4790 et
660 4720 846 4791 descensum
870 4720 1046 4792 habeamus
1069 4723 1109 4793 ud
1128 4721 1235 4816 ipsum
1251 4724 1403 4797 balneum
1427 4723 1558 4818 quando
1580 4723 1687 4796 bene-

269 4847 371 4920 rimus
394 4847 435 4919 ud
459 4845 630 4916 levandum
655 4853 687 4914 et
711 4857 744 4915 nt
766 4847 874 4940 ipsum
906 4845 1046 4942 reliqum
1078 4870 1121 4918 ex
1144 4848 1251 4942 ipsum
1275 4849 1407 4922 hortum
1430 4849 1489 4944 qui
1512 4847 1606 4922 nobis
1629 4871 1689 4920 re·

271 4973 424 5046 manserit
447 4981 485 5045 nt
506 4993 604 5066 super
626 4972 755 5064 legitur.
