4906 6520
918 632 931 728 (
961 639 1020 703 175
1047 633 1059 728 )

277 785 412 855 modum
437 792 513 852 tune
537 802 596 852 nos
619 790 653 852 et
675 782 812 875 posteris
835 783 954 855 nostris
977 785 1069 856 vobis
1093 787 1288 880 vestrisque:
1311 791 1447 880 posteris
1462 812 1515 859 ees
1530 795 1639 862 teritos
1653 801 1688 860 et

276 911 394 978 boenas
418 907 522 980 iecere
545 907 719 978 debeamus
743 931 860 1004 esque:
887 911 978 980 omni
1001 919 1105 981 vestre
1130 920 1162 980 et
1186 911 1225 982 de
1249 913 1362 984 vestris
1383 917 1521 1006 posteris
1544 919 1687 1008 ‹pisalitet

189 1119 194 1134 Ι
275 1035 456 1105 dsuuietete
477 1041 526 1104 set
548 1033 640 1104 omni
665 1042 808 1127 tempore
831 1035 899 1129 ipse
923 1045 1008 1105 terre
1024 1037 1084 1107 siat
1099 1037 1202 1108 diviso
1219 1039 1302 1107 inter
1319 1038 1411 1108 uobis
1427 1043 1593 1132 quomodo
1609 1065 1688 1110 corr-

273 1160 352 1232 tinet
374 1159 443 1253 ipse
467 1159 606 1230 notitior
629 1165 663 1230 et
685 1168 733 1230 est
755 1161 824 1254 ipsa
846 1167 933 1234 sorte
956 1170 1062 1232 vestre
1086 1161 1126 1232 do
1149 1173 1326 1233 memoratu
1342 1177 1436 1234 terre.
1460 1166 1494 1232 in
1510 1175 1599 1256 purte
1617 1188 1687 1234 rne-

272 1283 395 1354 n'diana
418 1281 458 1352 du
481 1289 572 1376 parte
594 1283 636 1354 de
660 1283 885 1354 ucebenlum:
911 1285 989 1377 quin
1013 1284 1058 1354 ite
1081 1283 1174 1388 nobis
1207 1285 1351 1377 placuit:
1378 1288 1406 1356 si
1431 1297 1538 1358 sutem
1570 1311 1629 1357 nos
1653 1297 1686 1357 et

271 1409 406 1502 posteris
429 1411 547 1482 nostris
570 1409 663 1482 ulitur
685 1411 856 1482 fecerimus
880 1411 921 1480 de
944 1409 995 1481 his
1018 1411 1170 1484 omnihus
1195 1412 1381 1482 memoretis
1405 1435 1463 1510 per
1477 1412 1594 1504 quohis
1611 1435 1684 1482 mo-

271 1533 349 1606 dum
372 1541 430 1605 aut
451 1533 628 1606 summissis
641 1535 786 1627 personis
802 1542 879 1610 tunc
896 1533 1119 1628 componimus
1135 1535 1227 1604 vobis
1243 1535 1438 1628 vestrisque:
1462 1536 1599 1627 posteris
1611 1537 1687 1604 ouri

270 1657 390 1728 solidus
416 1657 546 1750 triginta
568 1677 626 1727 sex
649 1656 852 1750 bytbienteos
875 1665 908 1725 et
923 1678 960 1726 eo
983 1655 1128 1726 chartule
1143 1666 1181 1724 ut
1191 1679 1287 1748 super
1303 1657 1423 1747 legitur
1438 1658 1481 1728 sit
1496 1655 1589 1726 firma
1605 1655 1686 1726 scri-

269 1791 323 1870 pte
347 1803 405 1871 per
428 1801 560 1849 uranum
582 1777 729 1882 iohannis
754 1777 883 1850 curialis
905 1799 965 1870 per
988 1785 1165 1846 memoratu
1189 1775 1363 1846 indictione
1380 1775 1456 1868 †et
1471 1776 1533 1846 hoo
1558 1801 1683 1847 merno-

270 1906 330 1982 retj
355 1925 503 1976 summus
525 1905 602 1997 quie
623 1903 693 1998 ipse
717 1912 803 1974 sorte
825 1911 930 1974 vestra
955 1899 995 1970 de
1019 1909 1195 1969 memorata
1225 1909 1311 1969 terre
1335 1912 1382 1970 est
1405 1925 1423 1968 a
1448 1911 1538 1992 perte
1562 1904 1602 1970 de
1628 1927 1684 1970 nr-

270 2031 460 2104 cebeuium:
483 2041 516 2100 et
538 2033 607 2124 ipse
629 2037 715 2100 sorte
738 2037 847 2100 nostra
870 2029 910 2100 de
934 2037 1111 2098 memorate
1136 2037 1221 2097 terra
1245 2038 1293 2100 est
1316 2051 1335 2095 a
1357 2037 1446 2120 perte
1471 2029 1511 2098 cie
1535 2032 1681 2122 neapoli:

271 2161 303 2222 et
325 2151 416 2222 omui
439 2161 585 2244 tempore
608 2160 685 2222 sunt
706 2151 800 2222 erube
822 2152 934 2222 sortite
957 2149 998 2220 ed
1023 2151 1136 2243 quale
1160 2173 1328 2222 mensure:
1348 2150 1444 2220 etsie
1464 2150 1687 2224 subiecceurus
1785 2132 1788 2138 ¹

271 2281 305 2350 in
329 2289 506 2350 memorate
529 2302 611 2376 penu
793 2327 795 2332 .

362 2405 393 2497 †
416 2404 568 2475 iohannes
591 2404 699 2476 umiiis
721 2404 877 2497 presbiter
900 2411 931 2474 et
953 2401 1153 2494 prirnioerins
1177 2409 1209 2472 et
1231 2401 1440 2496 protolustrio
1463 2401 1634 2492 subscripsi
1653 2398 1682 2492 †

362 2531 393 2621 †
416 2530 467 2604 leo
489 2530 646 2624 presbiter
669 2527 840 2620 subscripsi
863 2526 894 2621 †

364 2655 399 2748 ⁴,-¹
419 2653 570 2727 iohannes
593 2653 748 2748 presbiter
771 2649 942 2745 subscripsi
966 2646 999 2740 †

363 2777 394 2871 †
418 2791 527 2871 petrus
551 2778 708 2871 presbiter
730 2774 902 2867 subscripsi
926 2773 957 2868 †

363 2906 394 3001 †
419 2924 480 2994 ego
503 2903 657 2974 iohannes
680 2899 764 2972 iilius
787 2897 910 2970 domiui
932 2898 1046 2972 cesarii
1070 2898 1141 2968 testi
1166 2897 1339 2990 subscripsi
1364 2895 1394 2992 †

365 3027 395 3120 †
420 3047 481 3120 ego
505 3037 615 3118 petrns
639 3023 722 3095 iilius
747 3022 869 3095 domiui
892 3021 975 3116 petri
999 3021 1071 3092 testi
1093 3019 1265 3114 subscripsi
1291 3021 1322 3115 †

363 3152 477 3247 †ego
500 3152 668 3244 gregorius
693 3150 777 3220 filius
801 3149 922 3220 domiui
945 3147 1093 3220 iohannis
1116 3147 1188 3218 testi
1211 3143 1436 3238 snbsoipei⁴f
1501 3157 1503 3160 ’

361 3267 391 3371 †
413 3281 485 3373 Ego
508 3277 662 3350 iohannes
676 3278 811 3348 Curiulis
827 3275 992 3366 Oumplcri
1009 3282 1041 3344 et
1056 3275 1178 3343 absolvi
1194 3297 1251 3365 per
1264 3283 1441 3342 memorate
1460 3273 1632 3342 indictione
1650 3272 1680 3365 †
