4906 6520
904 710 1054 801 (107)

269 873 309 944 de
322 875 501 942 memorata
524 879 612 940 terre
635 867 779 961 truqinra
803 865 920 938 amodo
935 877 968 936 et
982 887 1088 959 usqae
1109 862 1144 932 in
1164 863 1334 930 memorati
1358 885 1415 932 sou
1440 867 1517 934 anui
1542 871 1681 959 expleti:

269 1000 355 1069 unde
369 997 490 1068 nullam
513 997 606 1070 vobis
629 995 747 1068 exindo
770 1017 946 1090 queramus
971 1003 1027 1064 aut
1051 991 1203 1063 tollamus
1217 1011 1275 1086 per
1292 990 1417 1060 nullum
1435 995 1591 1090 modum:
1610 998 1686 1066 reli-

268 1145 370 1218 quum
394 1121 453 1216 qui
475 1121 517 1194 de
539 1131 716 1192 memorat:
739 1119 879 1192 clusurio
902 1117 1091 1190 remanserit
1114 1117 1162 1188 sie
1183 1115 1338 1186 faciamus
1352 1116 1392 1185 de
1407 1116 1522 1188 subtus
1539 1127 1571 1186 et
1587 1141 1684 1211 super

268 1235 561 1340 quomodo'teceris
574 1253 659 1316 totus
672 1245 740 1338 ipse
754 1243 845 1313 locus
861 1265 938 1314 cnm
951 1243 1018 1312 suis
1028 1241 1247 1333 portionariis:
1264 1241 1339 1310 etsi
1357 1240 1425 1332 ipsa
1439 1242 1542 1312 mole:
1566 1244 1684 1314 relibe-
1760 1250 1768 1265 ⁰

268 1373 391 1444 raberis
413 1381 491 1446 tuna
514 1393 574 1444 nos
597 1382 629 1444 et
643 1371 778 1465 posteris
794 1369 912 1440 nostris
927 1367 1020 1438 robis
1036 1365 1214 1460 vestrique
1230 1365 1406 1438 heredibus
1421 1371 1499 1440 dare
1515 1371 1688 1441 debeamus

267 1500 355 1569 mola
378 1521 443 1569 nna
466 1509 499 1570 et
521 1509 558 1569 tu
582 1509 616 1570 et
638 1499 771 1570 beredes
795 1499 858 1568 tuis
873 1519 994 1590 ponere
1010 1494 1152 1566 debeatis
1169 1493 1230 1564 alia
1248 1517 1313 1566 una
1329 1496 1434 1566 mola:
1454 1509 1487 1566 at
1504 1499 1686 1570 nullatenus

267 1626 518 1718 presummimns
539 1647 600 1696 nos
621 1635 678 1696 out
700 1627 835 1718 posteris
858 1623 977 1696 uostris
1000 1621 1060 1694 tibi
1084 1621 1214 1713 tuisque
1235 1621 1408 1694 heredibus
1423 1635 1496 1694 ante
1513 1627 1684 1694 memorati

268 1773 326 1819 sex
349 1750 425 1822 anui
449 1748 567 1842 expleti
590 1747 663 1818 illos
687 1748 800 1818 tollere
815 1770 874 1840 per
888 1747 1013 1817 nullum
1028 1744 1162 1818 modum
1178 1768 1238 1815 nso
1254 1755 1288 1816 tu
1304 1755 1361 1816 aut
1376 1748 1510 1821 heredes
1528 1752 1594 1830 tuis
1614 1749 1687 1824 illos

269 1877 505 1948 atbrenuutiare
522 1885 555 1945 et
569 1875 608 1944 da
623 1875 794 1949 memorati
809 1896 867 1944 sex
883 1871 960 1944 anui
973 1873 1009 1942 in
1024 1893 1122 1964 supra
1138 1871 1167 1942 si
1183 1871 1302 1942 ibidem
1316 1875 1350 1944 iu
1367 1887 1595 1950 memoratum:
1614 1901 1686 1948 mo-

267 2002 389 2072 linum:
406 2011 437 2068 et
456 2002 490 2068 in
507 2007 683 2070 memorate
699 1997 840 2068 clusoria
855 1997 1021 2067 bominem
1036 1999 1207 2090 propium:
1227 2010 1373 2068 nostrum
1397 2023 1518 2092 ponere
1543 2005 1687 2074 volueri-

266 2149 339 2198 mus
352 2125 514 2197 licentiam
530 2136 562 2198 et
577 2135 765 2219 potestatem
781 2125 950 2197 abeamus:
970 2123 1061 2196 vobis
1078 2125 1149 2196 illos
1164 2126 1276 2197 tollere
1294 2135 1326 2194 ot
1341 2127 1368 2194 si
1385 2125 1524 2197 ibidem:
1543 2131 1686 2200 ominem

266 2253 434 2348 propium:
460 2261 607 2324 nostrum
623 2275 742 2346 ponere
757 2253 955 2324 noluerimus
970 2261 1003 2321 et
1018 2254 1058 2324 do
1074 2253 1136 2322 alia
1152 2275 1302 2346 personas
1319 2252 1391 2344 plus
1407 2253 1628 2324 ottluberimus
1645 2255 1685 2325 li-

266 2383 403 2452 centiam
418 2381 537 2452 abeatis
551 2403 609 2451 vos
623 2381 695 2450 iilos
710 2391 819 2451 tenere
833 2389 866 2450 et
881 2379 909 2450 si
923 2379 995 2450 illos
1007 2389 1116 2451 tenere
1131 2381 1299 2452 nolueritis
1315 2379 1495 2450 licentiam:
1515 2384 1681 2452 abeamus:

268 2505 340 2574 illos
364 2507 440 2575 dare
464 2506 518 2574 cui
542 2505 741 2576 voluerimus
765 2515 797 2572 et
821 2505 848 2574 si
872 2505 914 2574 da
937 2505 1107 2573 memorati
1130 2525 1187 2572 sex
1211 2503 1286 2571 anui
1312 2503 1430 2594 expleti
1457 2505 1572 2573 exinde
1597 2506 1686 2576 exiro

266 2629 434 2700 volueritis
456 2628 644 2698 licentiam:
669 2627 789 2697 abeatis
812 2627 929 2696 exinde
954 2628 1044 2697 exire
1067 2649 1143 2698 cum
1166 2625 1280 2697 bomni
1308 2639 1412 2701 vestre
1430 2627 1566 2698 utilitate
1590 2637 1622 2696 et
1646 2631 1685 2699 do

267 2753 373 2843 ipsum
390 2771 511 2822 annum
526 2749 655 2844 quando
666 2749 782 2819 exinde
793 2749 938 2818 exieritis
952 2749 1040 2819 nulla
1051 2751 1204 2842 pensione
1216 2751 1308 2822 vobis
1320 2775 1494 2846 queramus
1510 2763 1542 2822 et
1554 2755 1684 2845 quaudo

266 2873 382 2944 exindo
405 2872 548 2943 exieritis
572 2873 677 2965 ipsum
701 2869 858 2942 molinum
881 2893 957 2942 oum
988 2874 1078 2944 omui
1102 2896 1159 2944 sua
1183 2875 1346 2967 paraturia
1374 2886 1407 2946 et
1430 2875 1626 2944 conciaturia
1650 2877 1683 2943 in

266 3015 374 3070 nostra
405 2999 587 3093 nostrisque
619 3001 755 3092 posteris
786 3007 1031 3095 memoratoque
1063 3011 1173 3072 sancto
1207 3013 1318 3072 nostro
1352 3003 1545 3074 monasterio
1575 3002 1684 3071 reber-

265 3139 373 3197 tantur
408 3135 564 3218 potestate
596 3127 695 3197 coiux
732 3127 803 3198 iure
826 3151 888 3198 exe
910 3128 1038 3199 bidetur
1061 3128 1138 3220 quia
1166 3130 1210 3197 ita
1234 3129 1348 3198 uobis:
1385 3153 1469 3198 sone
1497 3129 1679 3197 volumtatis

266 3254 386 3348 placuit
408 3251 442 3320 Si
467 3261 574 3321 autem
599 3273 657 3322 nos
681 3261 736 3321 aut
759 3251 896 3343 posteris
918 3253 1035 3323 nostris
1058 3251 1175 3344 quobis
1198 3261 1344 3344 tempore
1367 3265 1480 3323 contra
1500 3253 1680 3322 :chartula

265 3391 301 3446 ut
325 3401 421 3470 super
445 3377 564 3468 legitur
586 3377 696 3448 beuire
720 3376 1007 3469 presumpserimus
1030 3385 1063 3447 et
1086 3379 1119 3447 in
1145 3378 1260 3472 aliquit
1283 3379 1418 3450 bodensi
1442 3382 1598 3450 luerimus
1622 3403 1680 3471 per

265 3501 379 3598 quobis
403 3504 538 3574 modum
562 3513 618 3571 aut
641 3501 818 3572 summissis
844 3501 989 3593 personis
1011 3512 1089 3572 tunc
1104 3503 1330 3594 componimus
1345 3527 1404 3573 nos
1421 3513 1452 3574 et
1468 3506 1604 3596 posteris
1620 3527 1680 3572 no-

264 3631 337 3698 stris
360 3629 418 3700 tibi
441 3629 571 3719 tuisque
594 3624 766 3696 heredibus
790 3623 861 3706 auri
885 3623 978 3693 solidi
1000 3623 1133 3716 triginta
1160 3625 1337 3718 bytbiantei
1361 3637 1393 3696 et
1416 3651 1453 3696 ec
1478 3628 1623 3698 chartula
1645 3643 1683 3700 ut

264 3779 360 3848 super
383 3754 501 3845 legitur
525 3754 568 3820 sit
590 3751 684 3819 tirma
707 3749 825 3842 scripta
849 3773 907 3842 per
921 3773 1055 3821 manum
1069 3751 1156 3821 leoni
1173 3751 1303 3822 curialis
1318 3775 1375 3846 per
1389 3763 1567 3822 memorata
1583 3755 1678 3824 tertia

265 3882 441 3952 indictione
464 3879 495 3971 †

358 4012 391 4072 et
413 4023 454 4069 oe
476 3998 646 4070 memorati
678 4019 789 4068 sumtu
813 4005 850 4068 ut
872 4007 907 4066 tu
932 4007 990 4066 aut
1012 3997 1146 4068 heredes
1177 4000 1240 4068 tuis
1274 4001 1419 4098 qualibet
1453 4005 1679 4077 amaricatione

263 4141 318 4200 aut
342 4128 508 4200 tardietate
531 4123 625 4194 nobis
648 4123 829 4217 nostrisque
851 4123 988 4218 posteris
1010 4123 1135 4194 exinde·
1150 4125 1290 4198 feceritis
1308 4129 1342 4198 iu
1358 4141 1535 4201 memorata
1558 4133 1678 4204 eonsti-

264 4268 348 4334 tutos
371 4269 404 4326 at
427 4255 568 4326 dandum
591 4259 808 4324 memoratum
831 4251 976 4322 triticum
992 4261 1025 4323 et
1039 4263 1255 4324 memoratum
1271 4279 1352 4348 pane
1367 4267 1405 4326 ut
1419 4279 1516 4352 super
1539 4257 1675 4352 legitor:

264 4413 283 4454 a
307 4397 383 4456 tuuc
404 4384 532 4454 licentia
556 4391 588 4450 at
611 4389 800 4475 potestatem
823 4379 974 4451 abeamus
997 4402 1058 4450 nos
1081 4389 1114 4452 et
1136 4381 1272 4475 posteris
1304 4385 1421 4456 uostris
1446 4393 1479 4456 at
1501 4386 1676 4480 preendara

263 4523 295 4582 et
318 4533 377 4580 vos
408 4511 578 4604 pignorare
600 4507 636 4576 in
659 4525 788 4576 omnem
817 4513 957 4575 vestram
988 4504 1164 4578 hereditate
1187 4529 1245 4580 seu
1269 4507 1444 4581 substantia
1468 4511 1618 4585 deintus
1642 4526 1675 4586 et

263 4637 342 4708 toris
366 4636 424 4706 ubi
447 4635 645 4706 voluerimus
668 4656 770 4728 usque
794 4631 897 4704 donee
920 4639 954 4700 at
976 4641 1084 4702 nostra
1106 4635 1331 4726 perbeniamus
1355 4637 1504 4709 institia:

354 4761 386 4857 †
416 4771 588 4834 Φιλιπποσ
617 4762 810 4876 Qubbe
839 4757 1053 4881 Qaboo
1082 4759 1255 4855 ηγοῦμενοσ
1283 4751 1450 4863 ὶδιόχεῖροσ
1479 4761 1632 4862 ippodes:

357 4885 498 4979 †ur0
533 4894 622 4957 auo
645 4899 739 4960 mou
763 4893 822 4958 ue
845 4895 958 4962 neon
982 4884 1147 4981 corn†
