4906 6520
920 642 1063 740 (teo)

284 797 394 890 palatii
427 795 608 890 pertinetur
638 817 697 890 per
724 795 900 900 predictam
932 799 1091 872 rationem
1119 799 1154 871 iu
1178 796 1333 894 prephato
1363 801 1558 872 monasterio
1589 809 1700 872 nostro

285 925 386 998 sancti
409 924 559 998 laurentii
583 923 666 1019 ipses
691 926 918 998 concessimus.
942 926 982 1008 ad
1010 925 1242 1024 possessionem
1273 923 1417 996 eiusdem
1449 930 1642 998 monasterii
1667 937 1700 1006 et

285 1051 420 1145 predicti
444 1049 568 1120 domini
592 1050 713 1120 abbatis
736 1059 769 1126 el
792 1050 832 1128 tle
855 1047 1092 1124 successoribus
1115 1049 1196 1126 eius.
1230 1074 1287 1124 seu
1310 1051 1351 1123 dc
1366 1060 1456 1145 parte
1480 1053 1616 1144 predicti
1640 1075 1701 1122 no-

286 1170 343 1240 stri
369 1171 568 1244 monasterii.
595 1169 635 1239 ad
662 1169 847 1244 babendum
869 1180 903 1242 et
924 1171 1151 1265 possidendum
1174 1181 1207 1241 et
1230 1174 1410 1246 laciendum
1443 1175 1559 1248 exinde
1591 1175 1700 1245 omnia

283 1319 348 1388 que
379 1297 421 1366 ad
447 1304 572 1390 partanr
595 1297 731 1388 predicti
753 1299 941 1374 monasterii
961 1299 1127 1410 placuerit
1159 1299 1279 1395 alimus
1311 1299 1546 1372 contrarietate.
1571 1301 1699 1370 comitis

285 1416 435 1488 castaldei
459 1417 575 1490 iudicis
598 1418 651 1488 rel
674 1417 835 1491 sculdahis
857 1427 914 1492 aut
936 1421 1093 1516 cuiusque
1116 1443 1252 1516 persone
1274 1419 1414 1492 hominis
1445 1420 1697 1496 contradictione

285 1543 337 1612 rel
361 1542 595 1636 inquietudine.
616 1552 664 1618 set
686 1545 914 1638 perpetualiter
936 1545 1109 1642 prophatae
1125 1547 1346 1620 monasterius.
1362 1557 1395 1620 et
1410 1548 1571 1642 predictus
1586 1547 1697 1621 domi÷

285 1689 347 1740 nus
369 1668 465 1736 abbas
488 1669 623 1764 eiusque
646 1689 847 1772 successores
870 1679 902 1740 ct
925 1693 998 1764 pars
1019 1672 1177 1764 predictas
1200 1673 1348 1743 ecclesias
1364 1685 1396 1742 et
1412 1696 1463 1743 res
1479 1693 1590 1744 earum
1606 1673 1697 1752 abeat

284 1802 316 1900 et
339 1795 497 1885 possideat
519 1792 650 1867 nullam.
674 1796 705 1865 ei
729 1794 846 1872 exinde
869 1795 975 1888 aliqua
998 1798 1160 1874 contraria
1183 1796 1357 1888 ingerente.
1373 1797 1469 1880 Quod
1492 1799 1520 1866 si
1535 1797 1696 1890 quispiam

282 1913 376 1984 banc·
390 1926 531 1986 nostram
554 1919 791 1987 concessionem
814 1916 848 1984 in
871 1917 1176 2010 quomodocumque
1207 1917 1328 1987 violare
1356 1917 1586 2008 presumpserit
1617 1919 1696 1986 sciat

282 2061 326 2106 se.
350 2041 383 2106 in
408 2039 565 2132 prephato
589 2040 795 2110 monasterio.
821 2041 915 2110 etad
939 2037 1008 2108 cius
1032 2035 1161 2108 abbates
1175 2037 1411 2130 compositurus
1434 2037 1505 2112 auri
1520 2036 1618 2106 libras
1633 2037 1697 2106 de-

281 2185 351 2233 cern
374 2165 565 2250 bptbiuoteor
588 2174 621 2236 et
644 2166 705 2238 bec
729 2175 837 2236 nostm
860 2165 1025 2238 concessio
1049 2165 1088 2234 de
1112 2166 1232 2257 quibus
1247 2163 1389 2232 continet
1405 2161 1496 2234 firma
1510 2171 1696 2255 permaneat

283 2293 316 2370 in
341 2303 545 2384 perpetuum.
572 2302 610 2362 nt
632 2301 741 2366 autem
765 2291 825 2366 hec
849 2298 957 2374 nostra
982 2289 1147 2360 concessio
1170 2288 1278 2359 verius
1293 2285 1483 2358 observetur
1498 2309 1595 2370 manu
1611 2311 1695 2382 prov

282 2419 351 2520 pria
374 2419 558 2511 scripsimus
581 2427 613 2490 et
636 2441 678 2495 er
701 2417 822 2492 annulo
847 2423 958 2488 nostm
979 2422 1091 2512 supter
1113 2413 1266 2484 iussimus
1289 2411 1434 2506 sigillari.

712 2605 714 2612 ’
770 2581 807 2662 L

775 2667 806 2746 ll

380 3149 515 3242 Signum
547 3109 1005 3222 1.1)--0---L
1045 3134 1168 3206 nomm
1192 3133 1312 3204 staua
1334 3133 1588 3206 exerceamur
1606 3138 1694 3230 prra-

379 3605 544 3699 Agelgbisi
573 3601 686 3674 clerici
709 3608 741 3670 et
801 3602 906 3672 scriba
937 3625 979 3671 ex
1009 3603 1151 3674 imsione
1174 3605 1355 3696 supradicte
1379 3607 1519 3698 gloriose
1542 3611 1692 3698 potestati

777 3695 818 3837 ἅ
1067 3710 1194 3803 scripsi.

381 3950 500 4017 Datum
523 3945 598 4014 lllll
621 3892 778 4012 Kalendis
801 3943 905 4052 iunias
934 3967 1017 4015 auno
1045 3944 1160 4034 quinto
1186 3945 1382 4038 principatur
1414 3943 1538 4016 domini
1572 3945 1693 4020 laidulli

284 4071 419 4168 gloriosi
441 4069 592 4162 principis
616 4064 790 4140 indictione
812 4053 945 4138 decima.
971 4067 1089 4138 Actum
1114 4067 1147 4134 in
1172 4065 1300 4136 civitate
1324 4088 1479 4160 capuana.
