4906 6520
901 703 1054 798 (173).

266 885 330 958 que
363 859 504 956 personis
535 859 570 929 iu
602 855 752 930 omuibus
780 863 946 937 antestare,
966 869 999 930 es
1025 857 1188 930 defensare
1223 857 1394 930 debsrmus
1426 869 1558 954 propser
1589 863 1679 958 quod

268 987 382 1058 exinde
405 985 584 1078 accepimus
607 1008 627 1053 r
650 982 741 1056 vobis
764 982 846 1056 idest
873 984 944 1055 suri
968 985 1029 1054 turi
1053 983 1110 1054 dui
1134 983 1216 1055 sicut
1232 983 1317 1056 inser
1332 983 1427 1056 uubis
1442 985 1624 1056 combenis:
1643 991 1678 1057 Si

268 1123 374 1184 autem
399 1133 458 1183 uos
481 1119 537 1182 rut
559 1109 731 1184 heredibus
754 1109 871 1182 uostris
888 1109 986 1182 'aliter
1009 1110 1180 1184 fecerimus
1196 1109 1236 1182 de
1252 1109 1303 1180 bis
1327 1109 1477 1182 omuibus
1492 1114 1680 1180 memoratis

269 1263 327 1334 per
349 1239 468 1334 quubis
485 1235 619 1312 modum
634 1245 690 1312 rut
703 1235 881 1311 summissis
897 1231 1042 1330 personis
1056 1245 1133 1308 tunc
1147 1239 1358 1330 conponimus
1375 1239 1467 1310 uubis
1482 1241 1678 1334 vestrisque:

268 1362 404 1456 posteris
427 1359 499 1431 ruri
521 1357 640 1430 solidos
664 1359 776 1432 decem
800 1357 1001 1454 bysbicnscos
1024 1367 1057 1429 ct
1080 1381 1117 1431 ec
1141 1359 1286 1429 uetula
1311 1361 1502 1432 venditioisis
1525 1371 1561 1431 ut
1585 1385 1680 1455 super

267 1487 385 1580 legitur
407 1485 448 1555 sit
470 1485 562 1557 firme
584 1481 700 1577 scripse
724 1505 782 1584 per
806 1505 919 1555 munus
942 1484 1091 1558 iobrnnis
1114 1484 1244 1554 curialis
1260 1506 1318 1576 per
1333 1495 1510 1556 memorata
1528 1487 1678 1558 indictio-

269 1635 309 1684 uc
333 1603 363 1708 †
387 1611 450 1681 boc
472 1611 600 1702 siguum
616 1607 647 1702 †
662 1629 775 1678 munus
797 1609 966 1679 memorari
991 1607 1137 1699 germani
1161 1609 1249 1700 quod
1268 1607 1336 1702 'ego
1360 1631 1420 1702 pro
1436 1611 1483 1682 cis
1506 1611 1679 1703 subscripsi

270 1749 301 1805 et
324 1733 492 1805 memorati
517 1731 579 1802 turi
602 1731 767 1802 coufessus
789 1728 968 1822 percepisse
993 1727 1023 1822 †

363 1857 394 1952 †
417 1859 489 1950 Ego
512 1855 663 1926 icbruues
686 1851 852 1948 presbyter
875 1863 908 1924 ct
930 1851 1116 1944 primicerio
1141 1853 1212 1919 sesti
1230 1849 1403 1946 subscripsi
1419 1865 1452 1924 el
1471 1859 1681 1952 suprascripti

271 1985 332 2052 cari
348 1985 509 2053 confoesus
523 1979 701 2075 percepisse
724 1977 755 2070 †
920 1991 925 2002 ·

365 2100 396 2192 †
418 2123 480 2194 cgo
502 2101 617 2192 paulus
639 2099 850 2170 subdiaconus
874 2099 946 2171 sessi
970 2095 1143 2190 subscripsi
1159 2105 1191 2166 et
1206 2099 1415 2192 suprascripti
1431 2101 1494 2171 turi
1517 2103 1680 2172 cupiemus

271 2225 452 2320 remeius
475 2222 506 2318 †
1504 2335 1506 2340 ¹

365 2349 396 2443 †
419 2371 481 2442 ego
503 2348 571 2418 uri
594 2349 759 2442 presbyter
783 2350 856 2420 usti
879 2348 1053 2441 subscripsi
1077 2345 1109 2419 ei
1124 2349 1330 2443 suprascripti
1348 2349 1409 2420 uri
1423 2351 1586 2422 couicoeus
1602 2373 1683 2442 per-

275 2477 397 2570 cepisse
420 2472 452 2564 †

365 2601 396 2694 †
419 2599 494 2694 Ego
516 2600 668 2675 iubsnucs
683 2597 818 2673 Curirlis
832 2599 998 2692 Gcmplcvi
1011 2607 1043 2671 et
1058 2597 1180 2672 ubsolri
1196 2620 1253 2694 pcr
1269 2605 1445 2672 memoratu
1461 2596 1634 2672 indictione
1647 2599 1677 2692 †
