4906 6520
921 628 1060 724 (177)
1169 561 1176 580 ’

276 791 368 881 parte
390 782 473 858 mibi
497 783 671 882 meisque:
693 783 868 862 heredibus
890 810 957 861 non
980 789 1124 884 queratis
1146 809 1205 886 per
1226 755 1353 864 uuilunr
1375 795 1528 869 modum:
1560 809 1696 895 excepto

281 915 459 982 memorate
490 909 644 980 inserteto
678 931 743 1003 que
767 910 802 980 in
824 919 932 982 vestra
954 911 1169 985 reservastitis
1191 922 1371 1009 potestate:
1395 919 1586 992 tantumodo
1608 925 1699 995 omni

280 1055 387 1106 annue
401 1053 464 1126 ego
479 1040 513 1104 et
526 1030 700 1104 heredibus
719 1032 799 1106 meis
815 1033 908 1107 vobis
924 1035 1114 1130 vestrisque:
1132 1039 1268 1130 posteris
1283 1046 1316 1110 et
1330 1038 1365 1110 in
1377 1049 1571 1113 memoratos
1587 1053 1698 1117 sancto

277 1167 310 1230 et
332 1156 510 1232 venerabili
541 1165 651 1230 vestro
682 1160 882 1231 monasterio
905 1159 983 1230 dare
1008 1169 1040 1228 et
1063 1158 1215 1235 atducere
1248 1163 1422 1236 debeamus
1445 1189 1504 1260 per
1526 1169 1699 1242 lesdvitata

278 1296 386 1356 sancte
408 1283 511 1358 marie
534 1285 574 1357 de
597 1294 734 1380 augrrsto
757 1307 867 1358 mense
892 1285 973 1358 idest
989 1287 1250 1380 ¹responsatienm
1273 1290 1345 1360 auri
1370 1291 1430 1361 tari
1446 1292 1502 1364 dni
1518 1291 1597 1366 boni
1612 1295 1698 1366 intus

164 1423 167 1428 '
277 1417 371 1502 porta
393 1411 569 1514 memorati
589 1409 687 1481 restri
719 1411 903 1482 monasterii
927 1411 996 1482 sine
1028 1411 1117 1482 omni
1149 1413 1397 1487 amaricatione:
1426 1424 1459 1486 et
1482 1435 1549 1486 non
1576 1415 1697 1488 abeatis

271 1534 435 1607 licentiam
459 1557 518 1607 vos
540 1543 574 1606 et
597 1537 732 1628 posteris
763 1537 878 1608 vestris
910 1536 991 1607 mibi
1015 1539 1179 1633 meisque:
1208 1536 1381 1611 heredibus
1405 1538 1477 1610 illos
1501 1539 1612 1610 tollere
1635 1561 1693 1632 per

275 1658 401 1732 nulium
425 1659 558 1730 modum
582 1659 693 1729 dantes
716 1668 749 1729 et
771 1657 961 1753 atinpientes
984 1662 1075 1729 omni
1098 1681 1204 1731 annue
1218 1657 1367 1732 omnibns
1383 1665 1568 1735 memoratis
1581 1671 1619 1734 ut
1634 1685 1695 1734 su-

273 1808 331 1878 per
354 1785 493 1880 legitur:
518 1793 743 1858 verumtamen
766 1785 854 1856 stetit
872 1785 957 1856 inter
970 1785 1082 1856 nobis:
1105 1795 1143 1858 ut
1156 1785 1184 1855 si
1198 1807 1258 1857 vos
1274 1795 1306 1855 ot
1321 1790 1456 1880 posteris
1470 1795 1584 1860 vestris
1598 1791 1693 1884 pinus

272 1920 357 1982 terra
381 1912 502 1984 ibidem
524 1912 655 1984 uincere
680 1913 847 2006 potueritis
870 1911 951 1983 milri
975 1913 1120 2005 meisque
1143 1910 1314 1982 heredibus
1338 1912 1413 1982 dare
1426 1911 1569 1982 debeatis
1585 1923 1618 1982 at
1639 1937 1692 1983 re-

272 2038 488 2129 sponsalicum
511 2059 570 2130 per
592 2037 780 2108 ratiocineas
796 2061 810 2106 :⁴
837 2046 870 2106 et
898 2036 927 2106 si
950 2057 1012 2128 ego
1035 2043 1068 2102 ct
1090 2031 1263 2104 heredibus
1287 2035 1367 2106 meis
1396 2035 1629 2125 perdiderimus
1652 2037 1692 2106 de
1721 2039 1727 2052 “

279 2161 465 2234 memoratis
488 2184 546 2232 sex
570 2162 661 2234 uncis
684 2163 724 2233 de
748 2173 964 2233 memoratum
987 2160 1124 2233 fundum
1148 2170 1181 2229 et
1203 2161 1244 2229 de
1267 2173 1444 2232 memorate
1467 2183 1525 2232 sex
1547 2163 1638 2234 uncis
1655 2162 1694 2232 de

274 2295 450 2358 memorate
465 2295 541 2356 octo
557 2287 659 2378 peties
675 2286 715 2354 de
731 2296 906 2356 memorata
930 2293 1031 2356 terras
1054 2295 1092 2354 ut
1107 2305 1205 2377 super
1220 2281 1341 2376 legitur
1359 2283 1445 2352 clara
1462 2284 1544 2352 lacta
1559 2286 1692 2356 veritate

278 2423 353 2482 tunc
375 2431 435 2483 vos
450 2420 482 2482 et
494 2411 631 2508 posteris
646 2415 761 2485 vestris
784 2413 867 2484 milri
890 2414 1053 2509 meisque:
1078 2410 1249 2485 heredibus
1273 2413 1382 2482 minus
1411 2412 1535 2482 iacietis
1558 2414 1598 2483 de
1622 2435 1692 2486 me·

273 2547 437 2612 moratum
459 2541 714 2634 responsaticum
738 2563 797 2635 per
812 2541 1021 2612 ratiocineas:
1039 2541 1117 2635 quia
1134 2540 1178 2608 ita
1191 2539 1284 2609 nobis
1300 2537 1436 2632 placuit:
1463 2539 1490 2608 si
1508 2548 1613 2612 autem
1629 2565 1690 2636 ego

273 2666 524 2740 ant'baredibus
547 2668 629 2739 meis
653 2667 745 2739 aliter
769 2667 939 2739 fecerimus
963 2667 1003 2739 de
1026 2667 1077 2738 his
1100 2665 1251 2737 omnibus
1274 2667 1462 2736 memoratis
1491 2689 1550 2760 per
1573 2667 1690 2759 quobis

271 2794 406 2867 modum
431 2807 486 2866 aut
500 2797 678 2866 summissis
705 2795 850 2890 personis
875 2803 953 2866 tunc
977 2795 1188 2887 conponimus
1210 2794 1303 2866 uobis
1328 2794 1528 2888 vestrisque:
1554 2796 1691 2888 posteris

273 2921 345 2992 auri
373 2920 493 2992 solidos
521 2919 691 2991 duodecim
721 2917 927 3015 bythianteos
958 2929 991 2990 et
1021 2918 1082 2989 beo
1110 2916 1254 2990 chartula
1277 2917 1501 3013 promissionis
1530 2918 1573 2989 sit
1596 2919 1690 2988 firma

273 3047 391 3139 scripta
421 3069 479 3140 per
508 3067 622 3118 manus
646 3043 794 3117 iohannis
818 3045 931 3119 curiali
954 3067 1014 3138 per
1036 3053 1214 3116 memorata
1238 3043 1412 3115 indictione
1435 3041 1467 3136 †
1490 3051 1522 3114 et
1546 3063 1587 3114 oc
1610 3065 1687 3114 me-

278 3171 395 3244 morati
419 3193 566 3242 summus
589 3171 666 3264 quia
690 3171 718 3240 si
741 3193 802 3263 ego
826 3177 859 3239 et
881 3169 1053 3240 heredibus
1077 3170 1158 3239 meis
1181 3191 1248 3239 non
1272 3165 1493 3238 atduxerimus
1517 3167 1688 3252 memorati

275 3296 335 3364 tari
360 3307 433 3388 post
457 3296 524 3366 dies
540 3301 616 3365 outo
632 3295 672 3364 de
695 3299 872 3361 memorate
895 3300 1003 3360 sancte
1026 3291 1129 3358 marie
1153 3291 1193 3359 de
1216 3301 1353 3382 augusto
1377 3311 1488 3361 mense
1512 3299 1545 3358 et
1567 3309 1627 3360 vos
1650 3296 1684 3356 et

273 3419 408 3512 posteris
431 3419 544 3490 vestris
568 3419 641 3488 illut
663 3425 696 3488 at
729 3415 966 3511 pignorandum
992 3413 1144 3484 veneritis
1168 3423 1246 3482 tunc
1269 3434 1332 3503 ego
1354 3421 1387 3484 et
1410 3408 1582 3484 heredibus
1605 3410 1685 3479 meis

274 3544 367 3616 uobis
390 3545 592 3640 vestrisque:
627 3544 763 3638 posteris
791 3551 825 3616 et
847 3551 880 3613 at
902 3541 1034 3614 caballis
1057 3540 1174 3611 nostris
1198 3549 1232 3608 at
1256 3549 1397 3631 quatuor
1419 3559 1570 3630 personas
1594 3559 1689 3606 man·

271 3674 387 3744 ducarc
406 3671 448 3742 ‘et
470 3675 581 3743 vivere
605 3672 682 3741 dare
705 3670 877 3742 debeamus
900 3669 1066 3762 quomodo
1090 3665 1213 3738 iustum
1238 3664 1338 3736 lucris
1362 3663 1394 3757 †

364 3796 395 3889 †
419 3801 490 3890 ligo
513 3798 566 3867 leo
589 3797 720 3868 curialis
744 3797 831 3866 tostis
854 3793 1028 3886 subscripsi
1050 3791 1082 3888 †

365 3919 397 4014 †
421 3922 492 4012 Ego
515 3918 668 3988 iohannes
691 3917 827 3988 Guriaiis
852 3919 940 3987 testis
963 3907 1137 4010 subscripsi
1158 3913 1189 4010 †

366 4048 397 4142 †
421 4069 482 4140 ego
506 4045 629 4138 sergius
651 4044 735 4116 lilius
760 4041 882 4114 domiui
907 4041 1065 4114 iohannis.
1078 4042 1151 4114 testi
1173 4040 1345 4138 subscripsi
1369 4039 1401 4137 †

367 4173 399 4267 †
421 4176 494 4267 Ego
510 4171 664 4244 iohannes
680 4169 817 4242 Curialis
832 4169 1000 4266 Complevi
1016 4181 1048 4244 et
1063 4168 1186 4244 absolvi
1201 4191 1259 4264 per
1274 4177 1451 4242 memorata
1464 4165 1637 4238 indictione
1653 4164 1684 4258 †

366 4300 398 4398 †
420 4303 492 4397 Ego
515 4300 668 4372 iohannes
691 4298 820 4374 curialis

839 4593 1087 4638 *mmmm-
