4876 6520
975 623 988 720 1
1009 631 1031 692 ⁹
1058 627 1072 714 1

919 911 1123 984 ccxxxvi

400 1169 489 1263 †ln
514 1167 645 1238 nomine
669 1165 792 1236 domini
818 1165 921 1237 nostri
944 1165 1040 1238 lbesu
1063 1166 1192 1238 Christi.
1216 1142 1439 1240 tertibdecimo
1464 1191 1548 1242 anno
1568 1170 1729 1264 principa·
1803 1203 1852 1248 an.

302 1307 356 1368 tus
369 1297 492 1367 domini
509 1294 654 1364 landolfi
669 1293 800 1386 gloriosi
816 1292 979 1386 principis.
992 1315 1101 1364 mense
1118 1303 1233 1384 agusto
1257 1317 1340 1364 nona
1352 1295 1535 1367 indictione.
1553 1297 1728 1391 ldcnqnem
1781 1320 1864 1378 981.

305 1445 365 1492 nos
389 1421 401 1489 i
425 1439 536 1489 snmus
559 1417 683 1488 sellicto
706 1427 738 1486 et
761 1415 843 1508 petri
868 1415 1014 1508 germani
1038 1415 1095 1484 filii
1113 1417 1279 1509 qnondam
1293 1418 1452 1488 ermeradi
1468 1418 1577 1488 clerici
1592 1429 1623 1491 et
1640 1441 1726 1492 sasso

308 1571 394 1642 nepo
418 1571 532 1620 eorum
556 1547 613 1617 filii
627 1545 793 1640 quondam
820 1545 937 1614 martii.
963 1551 999 1614 et
1010 1543 1149 1614 iohanne
1164 1551 1197 1613 et
1212 1543 1328 1636 angelo
1344 1553 1377 1615 et
1392 1547 1476 1639 petri
1499 1549 1644 1639 germani
1668 1547 1728 1618 filii

306 1678 469 1772 quondam
487 1676 578 1746 mari.
596 1681 628 1744 11
643 1671 739 1742 marti
752 1680 784 1742 et
805 1669 944 1742 iohanne
955 1679 988 1742 et
1000 1670 1146 1740 maraldo
1157 1671 1303 1764 germani
1319 1671 1376 1742 filii
1392 1674 1556 1766 qnondam
1568 1674 1726 1748 iohannis.

311 1811 343 1871 et
360 1799 498 1871 iohanne
514 1797 662 1890 gallinola
679 1795 725 1866 fili
740 1793 904 1888 quondam
931 1793 1048 1864 marini
1073 1791 1189 1862 abitori
1206 1794 1245 1864 dc
1261 1793 1333 1864 loco
1348 1795 1506 1864 bitulacci.
1523 1796 1612 1868 Sicut
1637 1799 1731 1870 nobis

311 1945 492 2017 congruum
518 1931 575 1994 est.
599 1919 763 2014 perhanc
787 1917 908 1990 cartula
939 1919 973 1988 in
1001 1918 1163 1990 cambium
1195 1919 1344 1990 dedimus
1367 1929 1400 1990 et
1423 1919 1613 1992 tradidimus
1636 1925 1730 1998 vobis

305 2025 445 2120 'domim
468 2045 596 2116 atenolfi
621 2044 665 2116 fifi
688 2043 773 2114 bone
796 2041 1027 2114 recordationis
1050 2041 1172 2112 domini
1196 2040 1326 2133 paldolfi
1349 2041 1483 2133 gloriosi
1498 2041 1664 2136 principis.
1693 2046 1727 2115 in

306 2173 377 2244 bice
403 2183 458 2241 tua
483 2179 515 2238 et
538 2170 571 2238 in
595 2167 666 2240 bice
688 2167 811 2238 domini
835 2165 1006 2238 landenolfi
1026 2173 1059 2236 et
1073 2164 1191 2236 laidolfi
1207 2173 1240 2234 et
1255 2162 1361 2256 gisolfi
1384 2165 1545 2257 germanis
1570 2167 1644 2238 tuis
1669 2167 1727 2245 filii

306 2293 444 2390 predicti
468 2293 592 2368 domini
616 2291 746 2386 paldolfi
768 2290 902 2383 gloriosi
927 2287 1095 2382 principis.
1130 2287 1193 2360 boc
1221 2297 1270 2360 est
1293 2289 1419 2382 integre
1442 2288 1559 2383 biginti
1583 2291 1729 2386 quinque

305 2425 390 2514 petie
414 2421 454 2491 de
477 2417 572 2490 terris
597 2417 713 2488 nestris
737 2437 818 2508 quas
840 2413 1014 2484 babuimus
1033 2413 1067 2484 in
1082 2412 1228 2506 predicto
1243 2412 1317 2484 loco
1338 2413 1496 2482 bitolanci.
1520 2414 1628 2484 Prima
1644 2417 1730 2508 petia
1885 2461 1888 2468 »

306 2549 492 2618 nominatur
528 2545 569 2616 ad
598 2543 702 2612 attoni
734 2542 792 2612 ubi
822 2549 897 2611 sunt
928 2541 998 2632 ipse
1028 2539 1135 2610 sedile.
1170 2561 1235 2630 que
1266 2539 1341 2608 abet
1372 2539 1444 2608 finis
1467 2538 1508 2608 ab
1530 2562 1598 2610 uno
1633 2540 1730 2612 latere

308 2675 361 2743 bia
385 2683 493 2742 nostra
517 2691 583 2763 que
610 2669 642 2738 ic
665 2668 759 2738 vobis
791 2667 917 2736 damus.
951 2662 1024 2734 abet
1057 2663 1132 2734 inde
1166 2663 1202 2732 in
1234 2661 1370 2756 longum
1403 2685 1512 2756 passos
1547 2666 1732 2759 octoaginta

309 2795 402 2864 duos.
427 2815 469 2864 ex
494 2790 559 2860 alio
581 2791 682 2860 111111
713 2787 777 2856 fine
808 2795 895 2856 terra
917 2785 1090 2877 supradicti
1114 2784 1249 2878 gloriosi
1272 2785 1425 2880 principis
1448 2789 1588 2882 genitori
1611 2797 1730 2863 restro.

310 2927 343 2988 et
366 2928 450 2986 terra
476 2913 516 2984 de
540 2912 607 2984 filia
631 2910 760 2982 atenolfi
784 2909 922 2979 comitis.
948 2907 1021 2978 abet
1036 2907 1111 2978 inde
1126 2929 1235 3002 passos
1251 2909 1432 3002 octoaginta
1456 2919 1530 2982 tres
1553 2911 1630 2984 Unu
1645 2933 1729 3006 capu

311 3053 396 3112 terra
420 3040 569 3111 iohannis
583 3037 702 3110 summi
727 3035 801 3107 abet
823 3035 897 3106 inde
921 3055 1029 3128 passos
1051 3034 1253 3126 septuaginta
1277 3057 1344 3104 sex.
1370 3035 1435 3104 aliu
1451 3059 1534 3130 capu
1550 3035 1729 3130 subscripta

311 3169 397 3262 petia
421 3167 494 3236 abet
517 3167 592 3266 inde
613 3185 722 3257 passos
744 3162 945 3258 septuaginta
969 3161 1045 3231 duo.
1080 3160 1225 3232 Secunda
1258 3161 1344 3256 petia
1364 3160 1475 3256 ibique
1499 3163 1571 3234 finis
1594 3163 1668 3234 abet
1693 3165 1733 3236 de

311 3319 379 3364 uno
402 3295 501 3364 latere
525 3294 589 3364 fine
611 3290 763 3360 iamdicta
786 3290 891 3383 prima
926 3289 1011 3382 petia
1041 3287 1114 3360 abet
1137 3288 1255 3360 exinde
1287 3288 1371 3382 passi
1407 3289 1572 3382 sexaginta
1595 3288 1727 3361 nobem.

311 3421 376 3490 afiu
400 3418 468 3488 latu
493 3429 577 3486 terra
602 3414 735 3486 ecclesie
758 3413 858 3484 saneti
882 3413 957 3484 rufi.
985 3413 1061 3484 inde
1084 3412 1158 3484 abet
1190 3411 1275 3506 passi
1309 3413 1524 3506 septuaginta.
1549 3414 1626 3485 Unu
1648 3435 1733 3508 capu

311 3557 399 3616 tenet
420 3545 455 3616 in
479 3551 565 3614 terra
589 3544 630 3614 da
655 3540 863 3634 suprascripti
886 3539 944 3612 filii
968 3537 1097 3610 atenolfi
1121 3538 1233 3608 comiti
1253 3538 1293 3609 de
1318 3539 1406 3608 tiano
1430 3539 1504 3611 abet
1523 3538 1598 3612 inde
1620 3561 1730 3634 passos

311 3667 546 3762 quinquaginta
573 3673 737 3758 quattuor.
761 3663 827 3733 aliu
849 3683 932 3756 capu
955 3671 1043 3733 tenet
1064 3661 1099 3731 in
1115 3660 1295 3754 subscripta
1318 3661 1411 3732 tertia
1435 3661 1533 3758 petia.
1560 3662 1635 3734 inde
1660 3661 1738 3758 abet·

311 3817 369 3887 per
393 3792 575 3862 trabersum
607 3789 690 3882 passi
721 3788 956 3881 quinquaginta
980 3797 1013 3858 et
1036 3808 1149 3858 unum.
1181 3788 1249 3880 ipsa
1280 3787 1374 3858 tertia
1405 3787 1491 3881 petia
1524 3786 1636 3881 ibique
1662 3788 1734 3860 finis

313 3923 386 3992 abet
409 3922 449 3992 de
473 3941 541 3988 unu
564 3917 632 3987 latu
657 3917 719 3986 fine
743 3915 956 4008 suprascripte
979 3914 1117 3984 secunda
1136 3914 1230 4007 petia.
1254 3914 1330 3994 inde
1345 3913 1418 3983 abet
1432 3899 1541 4006 passos
1564 3915 1731 4007 sexaginta

313 4063 388 4120 tres.
412 4048 479 4119 alin
502 4047 569 4116 latu
593 4045 657 4116 fine
688 4052 774 4115 terra
802 4044 844 4115 de
867 4041 925 4114 filfi
953 4039 1103 4112 bitolacci
1131 4050 1166 4113 et
1194 4039 1279 4112 sient
1308 4039 1447 4112 rebolbit
1479 4040 1547 4134 ipse
1579 4041 1732 4114 intersico

315 4199 392 4269 erga
414 4183 533 4245 terram
558 4173 598 4242 da
621 4171 683 4264 ipsi
706 4170 764 4241 filii
787 4167 937 4238 bitolacei
960 4175 994 4240 et
1016 4189 1121 4264 usque
1152 4166 1193 4238 ad
1225 4181 1344 4238 terram
1364 4167 1498 4244 ecclesie
1528 4169 1632 4242 sancti
1655 4171 1732 4244 rufi.

316 4303 390 4372 inde
414 4298 528 4369 abente
551 4317 661 4389 passos
684 4293 868 4387 octuaginta
891 4293 966 4364 duo.
977 4312 1050 4362 unu
1066 4314 1148 4386 capu
1165 4302 1252 4364 terra
1266 4291 1399 4364 ecclesie
1415 4293 1517 4364 sancfi
1533 4293 1596 4366 rufi
1612 4304 1645 4366 et
1660 4295 1735 4368 inde

317 4424 390 4494 abet
412 4421 496 4516 passi
522 4417 743 4514 quadraginta.
776 4414 842 4486 aliu
873 4437 956 4510 capu
987 4413 1167 4510 subscripta
1198 4413 1283 4510 petia
1312 4415 1387 4489 inde
1411 4417 1485 4490 abet
1514 4419 1735 4512 1111111111-

316 4570 389 4622 sum
414 4545 498 4640 passi
532 4541 648 4636 biginti
681 4541 838 4637 quinque.
874 4539 997 4624 Quarta
1025 4541 1112 4634 petia
1144 4539 1255 4635 ibique
1283 4541 1356 4612 finis
1390 4542 1488 4615 babet
1511 4545 1551 4616 de
1574 4567 1644 4616 unu
1667 4545 1736 4614 latu

318 4677 382 4750 fine
405 4671 617 4767 suprascripta
640 4669 737 4743 tertia
760 4668 848 4763 petia
872 4677 905 4740 et
927 4669 990 4742 fine
1013 4677 1100 4740 terre
1115 4668 1155 4740 de
1178 4670 1386 4764 suprascripti
1409 4671 1468 4742 filii
1489 4671 1638 4743 bitolecci
1664 4668 1738 4741 abet

318 4799 451 4876 tndem
473 4798 608 4888 longum
631 4794 714 4888 passi
739 4794 933 4887 nemeginta.
967 4793 1032 4866 elin
1056 4793 1123 4866 latu
1154 4809 1240 4868 terra
1262 4819 1327 4892 qne
1358 4806 1446 4870 tenet
1478 4799 1569 4891 gimo
1599 4803 1633 4868 et
1662 4795 1736 4868 inde

320 4929 393 5003 abet
415 4922 500 5020 passi
523 4918 724 5013 septuaginta
747 4939 815 4988 sex.
840 4939 909 4988 uno
933 4939 1016 5012 capu
1038 4927 1126 4994 tenet
1149 4917 1183 4992 iu
1206 4921 1422 5016 suprascripta
1449 4921 1503 4994 bia
1526 4929 1645 4996 1111111.
1671 4923 1738 4998 eliu

563 5046 629 5117 Vol.
655 5045 723 5119 ΙΙΙ.
1382 5057 1402 5116 2
