4978 6528
956 687 1097 784 (ass)

943 971 1109 1046 ccxciv.
1214 1055 1218 1064 .

924 1223 1050 1300 Christe
1073 1227 1156 1299 fave.

398 1480 491 1575 †In
523 1480 658 1554 nomine
687 1478 819 1552 domini
849 1478 904 1551 dei
928 1479 1114 1552 salvatoris¹
1134 1480 1241 1552 nostri
1273 1479 1373 1554 lhesu
1406 1479 1528 1556 Christi
1555 1485 1737 1579 imperante
1797 1523 1854 1572 an,

308 1585 441 1682 domiuo
464 1609 713 1682 uostro'hasilio
743 1629 862 1702 magno
893 1609 1089 1701 Imperatore
1119 1632 1205 1680 auno
1236 1609 1400 1684 tricesimo
1424 1614 1586 1707 septimo:
1619 1618 1734 1687 sedet
1782 1637 1868 1698 997.

307 1736 509 1807 comtantino
539 1756 658 1829 magno
685 1735 884 1830 Imperatore
916 1753 1012 1806 anuo·
1030 1733 1194 1804 tricesimo
1218 1741 1360 1825 quarto.-
1390 1735 1443 1805 die
1468 1737 1593 1810 decima
1615 1740 1733 1812 mensis

306 1863 447 1936 ianuarii
469 1863 646 1937 indictione
669 1865 796 1944 decima
821 1862 969 1964 neappoli:
996 1863 1128 1934 Certum
1152 1870 1200 1933 est
1216 1860 1437 1955 nosiiiippum
1461 1863 1562 1937 umile
1578 1865 1732 1957 igumeno

306 1992 505 2062 monasterio
532 2001 718 2064 sauctorum
743 1991 841 2084 sergii
871 1997 904 2060 et
927 1991 1024 2062 bachi
1049 1991 1108 2086 qui
1137 2011 1224 2062 nuuc
1247 1998 1462 2085 congregabis
1494 2013 1529 2061 cs
1552 1992 1588 2061 in
1610 2013 1731 2063 mona-

305 2119 405 2190 sterio
429 2127 617 2188 sanctorum
647 2118 809 2190 theodorii
843 2125 876 2190 et
908 2115 1081 2190 sebastiani
1103 2117 1162 2211 qui
1187 2116 1367 2210 appellatur
1388 2115 1547 2209 oasapicta
1571 2117 1671 2188 situm
1696 2119 1730 2188 iu

304 2245 494 2320 viridiario:
533 2269 598 2317 una
628 2269 703 2316 cum
735 2253 848 2317 cuntes
881 2255 991 2316 nostra
1021 2246 1271 2339 congregatione
1298 2243 1536 2318 monachorum
1558 2248 1730 2319 memorati

306 2375 407 2448 sancti
424 2382 457 2444 et
474 2373 665 2446 venerabilis
689 2373 806 2444 nostris
830 2373 1036 2446 monasterii:
1064 2399 1083 2444 a
1106 2374 1248 2468 presenti
1264 2375 1334 2448 die:
1352 2375 1572 2468 promittimus
1587 2376 1648 2446 tibi
1662 2397 1731 2447 ser-

307 2497 365 2590 gio
390 2497 608 2569 venerabilem
630 2497 857 2591 presbyterum
880 2495 949 2568 filio
972 2497 1138 2591 quondam
1428 2505 1588 2591 :propter
1603 2496 1729 2592 integra

306 2621 441 2694 ccclesia
466 2629 576 2694 nosha
606 2621 766 2694 vocabulo
795 2620 897 2692 sancti
929 2619 1034 2692 severi
1059 2619 1154 2692 sitam
1177 2641 1256 2694 vero
1280 2641 1372 2693 secus
1394 2620 1501 2716 platea
1523 2645 1589 2717 que
1613 2622 1730 2693 nomi-

305 2749 514 2822 natur'radia
537 2749 636 2822 solis:
663 2749 721 2844 qui
746 2755 779 2820 et
803 2749 931 2846 gurgite
955 2749 1075 2823 dieitur
1099 2747 1181 2820 iuris
1203 2759 1384 2822 memorato
1407 2759 1520 2822 sancto
1543 2761 1576 2822 et
1591 2771 1730 2824 venera·

306 2878 381 2951 bilis
414 2877 517 2950 nostri
541 2879 751 2950 monasterii:
784 2902 848 2951 une
882 2901 958 2950 oum
989 2877 1244 2949 habitationibus
1267 2887 1300 2951 et
1320 2877 1409 2950 celtis
1436 2887 1470 2950 et
1495 2878 1646 2952 omnibus
1677 2901 1730 2948 ree

306 3008 367 3080 hus
392 3009 600 3080 substantiisa
632 3016 663 3077 et
688 3007 942 3101 possessionibus
957 3007 1024 3078 suis
1044 3007 1145 3100 ipsius
1163 3005 1247 3076 dicte
1263 3006 1396 3078 ecclesie
1411 3015 1520 3078 nostre
1535 3009 1729 3102 pertinentes

305 3117 523 3229 omnibusque
547 3134 593 3205 eis
616 3131 875 3228 pertinentibus:
900 3131 958 3203 uhi
982 3130 1115 3202 domino
1139 3129 1201 3201 deo
1225 3131 1445 3203 atiuhantem:
1468 3141 1504 3216 te
1527 3113 1655 3204 ibidem·
1670 3158 1728 3204 cu-

307 3259 432 3332 stodem
454 3258 657 3352 posuivimus
681 3281 701 3324 a
724 3279 810 3327 nunc
834 3267 868 3326 ct
893 3255 1046 3327 omnibus
1074 3254 1188 3326 diebrus
1210 3256 1277 3324 vite
1300 3263 1380 3326 tue:
1413 3257 1448 3326 in
1473 3279 1513 3326 eo
1535 3269 1667 3328 tenore:
1692 3265 1729 3326 ut

304 3383 528 3479 prenominata
551 3379 687 3452 ecelesia
709 3390 819 3452 nostra
841 3379 1004 3452 hoenbulo
1027 3381 1129 3452 sancti
1152 3379 1257 3451 seheri
1281 3403 1357 3453 oum
1378 3380 1528 3453 omnibus
1542 3383 1729 3454 memoratis

305 3531 348 3583 ex
373 3529 411 3578 ea
426 3507 624 3604 pertinentes
648 3505 886 3600 omnibusque:
912 3503 1167 3599 pcrtinentibus:
1194 3513 1315 3575 etcum
1331 3505 1441 3576 omnia
1458 3527 1524 3600 que
1540 3529 1599 3600 per
1613 3508 1728 3579 inben-

304 3643 438 3706 taneum
460 3633 522 3704 tihi
545 3632 834 3726 atsignaverimus:
870 3637 1004 3701 etcum
1027 3627 1137 3700 omnia
1161 3651 1225 3723 que
1249 3653 1268 3697 u
1290 3629 1481 3702 mulieribus
1504 3640 1536 3699 et
1560 3655 1579 3700 a
1604 3631 1728 3704 viribus

211 3790 219 3796 ·
305 3761 428 3832 ibidem
452 3760 603 3831 offertum
627 3759 681 3830 vel
705 3758 849 3830 oblatum
872 3759 971 3830 inerit
994 3757 1146 3828 omnibus
1170 3756 1283 3830 diebus
1306 3755 1374 3829 'vite
1399 3767 1455 3829 tue
1478 3758 1513 3828 in
1537 3767 1591 3827 tua
1611 3759 1653 3839 sit
1668 3783 1727 3852 po

304 3893 418 3957 testate
440 3882 572 3955 tenendi
596 3891 628 3955 et
652 3880 919 3954 commandi'seu
944 3882 1126 3977 bugiandi:
1155 3891 1188 3952 et
1211 3883 1251 3954 de
1267 3883 1337 3976 ipsa
1355 3883 1478 3977 frugias
1502 3882 1727 3977 faciendique

304 4007 470 4081 uolueris:
496 4006 542 4076 ita
566 4013 599 4078 et
621 4015 659 4077 tu
681 4008 717 4078 in
740 4009 855 4080 eadem
879 4009 1012 4080 ecelesia
1034 4015 1145 4078 nostra
1168 4007 1386 4102 superavitere
1410 4019 1443 4079 et
1457 4007 1596 4079 residere
1613 4007 1728 4081 debeas

305 4159 324 4204 a
346 4154 434 4204 nunc
457 4139 490 4200 et
513 4129 666 4203 omuibus
689 4131 803 4202 diehuas
825 4131 894 4204 site
916 4139 995 4203 tue:
1021 4139 1054 4203 et
1079 4153 1211 4205 omnem
1234 4133 1378 4206 officium
1401 4134 1639 4208 sacerdotalem
1655 4135 1727 4206 ibi-

304 4265 378 4334 dem
400 4264 521 4334 kanere
546 4257 662 4331 debeas
684 4257 748 4332 hoc
773 4269 821 4332 est
844 4261 995 4356 hesperos
1019 4269 1051 4332 et
1075 4262 1250 4333 matutinos
1278 4273 1336 4334 seu
1363 4262 1535 4334 missarum
1559 4263 1728 4336 sollemnia

305 4401 338 4461 et
358 4391 449 4462 horis
472 4387 621 4496 laudibus
645 4397 678 4460 et
700 4389 986 4464 lumminariorum
1011 4391 1293 4465 concinnationem
1318 4383 1369 4464 'ihi
1393 4391 1665 4464 exiveredebeas
1690 4403 1728 4463 ut

306 4525 398 4612 atput
429 4518 527 4590 deum
563 4519 818 4610 omnipotentem
850 4522 911 4592 tibi
945 4524 1062 4594 mercis
1097 4532 1280 4593 accrescat:
1311 4530 1344 4592 et
1375 4530 1467 4616 atput
1502 4524 1626 4597 devotis
1649 4542 1729 4592 om-

304 4641 445 4714 miuibus
468 4641 548 4712 laus.
572 4643 670 4712 etiam
694 4645 923 4739 quodcumque
947 4647 1016 4740 ipsa
1039 4645 1173 4720 ecclesia
1197 4655 1308 4719 nostra
1331 4647 1384 4719 vel
1407 4649 1484 4742 ipsis
1500 4647 1728 4720 abitationihus

307 4769 377 4840 eius
400 4777 433 4840 at
455 4765 667 4839 conciendum
691 4768 842 4840 habueris
865 4779 901 4840 tu
925 4771 997 4842 illut
1020 4772 1169 4844 eonciare
1198 4772 1313 4846 debeas
1345 4781 1378 4843 at
1401 4773 1493 4844 omni
1517 4787 1574 4846 tuo
1599 4797 1727 4868 expen-

307 4896 422 4968 dium:
449 4895 584 4986 Insuper
607 4892 650 4962 ha
673 4914 759 4962 nunc
783 4903 815 4962 et
838 4894 989 4966 omnihus
1017 4897 1130 4968 diebus
1154 4897 1221 4968 vite
1245 4908 1300 4968 tue
1324 4897 1413 4968 omni
1438 4920 1542 4968 annue
1558 4897 1651 4968 nohis
1667 4921 1728 4967 uo-

307 5021 466 5115 strisque:
493 5017 630 5112 posteris
655 5027 900 5112 memoratoque
925 5031 1034 5090 sancto
1058 5029 1170 5114 nostro
1194 5022 1391 5093 monasterio
1407 5022 1525 5097 exinde
1541 5021 1617 5096 dare
1633 5033 1666 5094 et
1680 5023 1730 5096 di·
