4906 6520
1419 603 1569 694 (τεο)

765 767 920 839 dixerunt
940 765 1010 858 ipso
1032 759 1216 834 testimonio
1240 757 1285 831 ud
1299 757 1391 828 omni
1414 765 1560 851 tempore
1583 775 1640 848 per
1655 759 1762 826 estate
1783 758 1816 822 et
1832 771 1890 846 per
1905 750 2091 826 bendemias
2119 758 2196 828 ada-

768 896 846 966 bsnt
860 902 947 964 totus
960 891 1030 986 ipse
1045 889 1138 962 vicus
1151 910 1210 982 per
1226 886 1295 982 ipso
1311 883 1452 957 clusuris
1467 906 1540 956 mss
1555 903 1632 954 cum
1648 901 1778 951 carrum
1792 885 1825 950 et
1839 901 1914 952 cnm
1930 878 2072 973 peculias
2089 893 2121 952 et
2136 909 2194 980 ρει·

730 1007 926 1094 'obernum
950 1017 1109 1091 undabant
1131 1014 1187 1085 ills
1210 1013 1370 1086 ommines
1394 1019 1427 1082 ut
1448 1011 1547 1106 pede:
1567 1019 1600 1082 et
1615 1007 1692 1103 qnia
1715 1007 1751 1076 in
1772 1005 1930 1100 presentis
1945 1010 2051 1101 recepi
2069 1034 2088 1079 o
2105 1025 2193 1104 parte
2292 1023 2294 1028 ’
2427 1013 2428 1032 ’

767 1157 823 1220 tus
839 1158 872 1220 et
887 1149 927 1220 ds
950 1145 1020 1239 ipso
1043 1139 1224 1214 testimonio
1248 1144 1427 1209 memorato
1450 1144 1647 1206 sacramente
1671 1135 1795 1206 dicente
1818 1131 1901 1204 mihi
1918 1133 1962 1204 ud
1976 1137 2124 1228 superius
2144 1151 2193 1208 at·

766 1270 936 1343 seruistitis
951 1276 983 1339 et
998 1263 1204 1336 definibimus
1226 1259 1343 1332 exinde
1366 1269 1476 1331 tecum
1491 1257 1526 1328 in
1541 1257 1709 1330 omnibusr
1727 1269 1760 1329 et
1774 1258 1892 1329 amodo
1907 1265 1940 1328 et
1954 1279 2081 1352 semper
2097 1284 2193 1332 num-

767 1417 867 1488 quam
890 1411 1078 1486 presummu
1101 1409 1164 1482 ego
1187 1395 1244 1458 unt
1267 1382 1440 1458 heredibus
1463 1382 1544 1458 meis
1568 1382 1629 1454 tihi
1652 1392 1685 1454 et
1708 1381 1779 1452 aliis
1803 1383 2004 1456 consortibus
2022 1387 2136 1457 nostris
2159 1397 2192 1458 et

768 1528 801 1590 at
825 1519 941 1592 vestris
963 1514 1140 1590 heredibus
1162 1521 1195 1584 et
1210 1512 1252 1582 sd
1266 1533 1378 1583 omnes
1401 1511 1561 1584 ommiuos
1584 1511 1624 1582 de
1647 1515 1827 1582 memorato
1850 1509 1924 1580 loco
1939 1532 2107 1585 maranum
2124 1537 2193 1585 me-

767 1651 892 1716 moratu
914 1641 969 1714 uin
992 1637 1132 1734 qualitor
1156 1643 1190 1706 et
1212 1634 1377 1730 quomodo
1399 1634 1548 1728 superins
1571 1633 1691 1727 legitur
1706 1633 1849 1728 qustihst
1862 1635 2120 1708 contrarietatem
2138 1641 2191 1708 fa-

768 1791 840 1839 cere
864 1787 923 1858 per
946 1762 1074 1833 nohum
1097 1760 1232 1854 modurn
1255 1783 1314 1830 nec
1336 1781 1397 1852 per
1419 1759 1622 1831 summissum
1654 1781 1824 1853 personum
1847 1783 1867 1827 a
1889 1783 1975 1830 nunc
1999 1769 2032 1834 et
2055 1763 2088 1834 in
2112 1789 2190 1858 per-

769 1889 875 1982 petuis
900 1885 1119 1980 temporibus:
1145 1897 1193 1956 set
1216 1882 1306 1954 omni
1330 1893 1476 1978 tempore
1499 1906 1558 1977 per
1582 1891 1688 1953 extste
1703 1893 1735 1952 et
1750 1905 1808 1976 per
1831 1882 2013 1956 bendemios
2028 1909 2103 1957 cum
2119 1913 2193 1958 osr-

770 2036 844 2084 rum
868 2012 962 2084 ubere
985 2021 1018 2082 et
1041 2011 1159 2082 andare
1183 2009 1324 2082 debeatis
1347 2017 1379 2080 et
1402 2033 1461 2103 ρετ
1484 2009 1643 2080 obernum
1669 2009 1828 2082 ommines
1852 2021 1885 2082 nt
1908 2014 2004 2104 pedes
2028 2015 2073 2083 ud
2096 2035 2192 2106 super

769 2141 888 2234 legitur
912 2139 994 2210 etsi
1018 2136 1133 2230 quubis
1155 2157 1292 2238 persono
1315 2135 1375 2208 tibi
1402 2146 1435 2208 et
1457 2135 1498 2212 nd
1522 2135 1592 2206 nliis
1616 2135 1819 2208 consortibus
1842 2138 2007 2210 nostriset
2024 2148 2056 2208 st
2080 2145 2191 2213 uestris

769 2266 942 2338 heredibus
958 2263 1151 2334 contruberit
1166 2263 1235 2356 ipso
1252 2263 1305 2334 riu
1320 2285 1379 2356 ρετ
1396 2273 1522 2364 me'out
1536 2285 1594 2356 per
1611 2263 1691 2336 meis
1708 2263 1880 2336 heredibus
1897 2276 1980 2337 utut
1996 2290 2054 2360 per
2069 2290 2192 2338 memus

768 2403 838 2465 ratu
863 2404 947 2462 terra
971 2414 1041 2462 meo
1057 2400 1135 2462 tunc
1159 2412 1222 2482 ego
1237 2400 1270 2462 et
1283 2391 1455 2464 heredibus
1477 2391 1558 2464 meis
1572 2389 1664 2462 rubis
1688 2390 1760 2462 illos
1783 2393 1902 2464 exinde
1925 2392 2062 2486 desuper
2077 2393 2192 2464 tollere

749 2520 941 2592 'debcnmns
964 2517 1085 2612 absque
1109 2517 1199 2588 omni
1226 2527 1332 2588 vestra
1355 2517 1547 2590 damnietnte
1570 2515 1647 2612 quin
1670 2517 1716 2588 ito
1739 2517 1785 2588 sic
1809 2519 1903 2590 nobis
1918 2518 2101 2590 iudicatum
2124 2531 2187 2592 cst:

770 2649 805 2718 Si
828 2657 936 2718 antem
959 2644 1050 2716 cliter
1072 2644 1243 2716 fecerimus
1267 2644 1306 2716 de
1330 2645 1357 2714 is
1380 2644 1531 2715 omnibus
1554 2645 1740 2716 memoratis
1761 2667 1820 2738 per
1843 2644 1959 2738 ipuobis
1983 2645 2119 2718 modum
2135 2657 2189 2717 sut

768 2774 971 2845 summissum
994 2793 1163 2866 personum
1186 2781 1264 2841 tunc
1287 2792 1449 2864 compono
1467 2793 1530 2864 ego
1545 2780 1577 2841 et
1592 2769 1765 2843 heredibus
1789 2770 1868 2841 meis
1893 2771 1985 2842 vobis
2009 2772 2186 2867 vestrisque

768 2897 940 2970 heredibus
964 2896 1035 2988 ruri
1059 2895 1179 2968 solidos
1202 2893 1412 2990 quadraginta
1436 2893 1656 2988 bythianteos:
1676 2901 1708 2964 et
1722 2915 1760 2962 cc
1782 2890 1927 2963 chertuls
1951 2895 2129 2965 securitatis
2146 2897 2188 2967 ud

767 3026 1005 3119 supertegitur
1028 3025 1070 3094 sit
1092 3025 1186 3094 firma
1209 3023 1328 3116 scripta
1350 3047 1408 3117 per
1431 3043 1544 3094 munus
1568 3020 1711 3114 gregorii
1734 3018 1862 3093 curiatis
1885 3019 2039 3091 scrivere'
2056 3033 2187 3115 rogetus

770 3169 828 3240 ρετ
852 3157 1029 3222 memoratu
1053 3146 1166 3240 quinto
1190 3145 1364 3216 indictione
1388 3144 1419 3238 †

867 3274 931 3344 hoc
954 3274 1082 3367 signum
1105 3273 1136 3368 †
1161 3292 1277 3344 munus
1300 3269 1472 3340 memorati
1496 3270 1632 3364 atigerni
1655 3273 1745 3364 quod
1769 3293 1830 3364 ego
1853 3272 1910 3367 qui
1930 3283 2124 3344 memoratos
2149 3275 2188 3344 ab

769 3420 845 3470 eum
868 3407 1001 3492 rogatus
1024 3419 1085 3491 pro
1108 3419 1184 3468 oum
1208 3395 1385 3488 subscripsi
1410 3392 1440 3488 †

862 3518 893 3612 †
916 3543 978 3614 ego
1002 3519 1157 3594 iohannes
1178 3517 1263 3588 fib'us
1286 3517 1410 3592 domini
1433 3517 1516 3612 petri
1540 3527 1671 3610 rogatus
1695 3543 1714 3588 a
1737 3523 1954 3615 suprascripto
1979 3525 2122 3617 aligerno
2140 3537 2187 3597 te-

768 3647 809 3716 sti
834 3647 1008 3740 subscripsi
1031 3644 1062 3738 †
1398 3717 1403 3724 .

865 3769 896 3864 †
920 3776 1008 3842 nro
1047 3772 1318 3876 munusque
1358 3777 1533 3842 chuono
1570 3753 1635 3844 n'rt
1667 3751 1725 3843 io
1764 3780 1990 3845 roricone
2023 3783 2051 3846 A
2078 3753 2186 3844 ῑὸῑό

771 3894 993 3960 Aruerno
1016 3893 1140 3958 uncus
1163 3898 1273 3960 corn
1298 3884 1328 3979 †

864 4009 896 4103 †
918 4035 980 4105 ego
1004 4012 1172 4108 gregorius
1195 4013 1280 4086 filius
1303 4013 1426 4088 domini
1441 4015 1528 4088 leoni
1543 4029 1673 4111 rogetus
1689 4043 1709 4088 a
1724 4019 1938 4112 suprascripto
1955 4019 2098 4110 aligerno
2114 4020 2186 4088 testi

769 4134 939 4228 subscripsi
963 4135 994 4228 †

866 4263 896 4357 †
920 4265 990 4357 Ego
1014 4267 1182 4360 gregorium
1205 4269 1365 4342 Curiulis:
1400 4271 1569 4366 Complcvi
1592 4283 1624 4344 et
1647 4273 1770 4345 absolvi
1794 4297 1852 4368 per
1875 4283 2051 4345 memoratu
2075 4273 2187 4370 quintu

768 4386 940 4464 indictione
971 4385 1001 4480 †

1351 4653 1591 4696 *me-.-
