4906 6520
921 680 1060 806 tor:

916 969 1066 1042 CCXLV.

873 1219 1001 1294 Christe
1023 1222 1107 1295 lave.

372 1473 402 1570 †
429 1477 466 1548 ln
491 1477 623 1548 nomine
646 1476 771 1549 domini
793 1475 846 1548 dei
869 1473 1039 1548 salvatoris
1061 1475 1163 1549 nosti
1186 1472 1282 1550 lbesu
1304 1473 1424 1550 Christi
1445 1479 1627 1575 lmperante
1644 1481 1702 1552 do-
1764 1511 1822 1560 an.

275 1607 367 1678 mino
390 1615 501 1676 nostro
525 1603 639 1675 basilio
661 1625 781 1699 magno
803 1570 1000 1699 lmpeiatore
1023 1627 1107 1678 anno
1130 1605 1294 1677 tricesimo
1317 1607 1476 1701 septimo:
1494 1609 1550 1682 sed
1574 1619 1606 1680 et
1621 1631 1700 1680 oon-
1749 1624 1836 1686 997.

274 1731 412 1804 sentino
435 1752 555 1824 magno
577 1731 776 1825 Imperatore
799 1754 886 1802 anno
909 1731 1072 1804 tricesimo
1087 1741 1220 1828 quarto:
1245 1732 1299 1802 die
1314 1732 1503 1806 duodecino
1517 1736 1638 1808 mensis
1653 1738 1701 1808 ia-

274 1854 381 1926 nuarii
404 1851 579 1924 indictione
602 1853 727 1926 decima
750 1853 894 1948 neapoli:
921 1853 1054 1926 &num
1077 1863 1127 1924 est
1148 1873 1204 1924 me
1225 1854 1333 1948 sergio
1356 1856 1457 1927 umile
1487 1858 1700 1950 presbiterum

273 1983 342 2054 tttto
365 1980 529 2077 quondam
537 2027 712 2050 ........
720 1992 830 2052 custus
846 1973 1312 2055 ecclesiesauctiseberiiuris
1326 1985 1514 2056 monosterii
1528 1985 1701 2057 sanctiss·-

272 2105 427 2179 bastiani:
450 2106 481 2176 A
496 2106 637 2198 presenti
643 2093 707 2177 'die
722 2103 941 2200 promtissime
956 2105 1122 2179 voluntate
1133 2109 1237 2180 olicro
1250 2119 1283 2180 et
1297 2110 1391 2182 trado
1405 2110 1442 2182 in
1455 2119 1635 2184 memorata
1649 2135 1701 2184 eo-

275 2229 370 2310 clesia
384 2230 485 2302 saneti
500 2229 624 2309 scheri:
651 2231 736 2304 ldest
760 2253 830 2301 unu
853 2229 937 2302 liber
958 2231 1114 2305 commite
1135 2253 1265 2305 meum.
1279 2284 1289 2303 .
1304 2281 1313 2304 .
1328 2233 1459 2308 missa:
1476 2257 1535 2308 seu
1550 2239 1653 2312 oll'cro
1668 2247 1701 2310 et

273 2359 365 2432 trado
388 2359 424 2430 in
447 2367 626 2430 memorata
648 2357 782 2432 ecclesia
805 2358 906 2430 sancti
928 2360 1053 2431 severi:
1075 2360 1158 2432 idest
1182 2361 1308 2456 integre
1331 2361 1410 2434 dues
1424 2363 1526 2457 petics
1543 2363 1582 2434 de
1600 2375 1701 2436 terras

273 2510 363 2560 meas
385 2511 451 2560 una
474 2511 517 2559 ex
531 2487 600 2582 ipse
612 2488 716 2584 petics
731 2511 796 2583 que
812 2485 998 2558 nominatur
1013 2487 1209 2562 eumanum:
1236 2512 1302 2565 una
1320 2511 1398 2561 cum
1412 2490 1584 2564 erroribus
1601 2503 1634 2564 ct
1648 2493 1701 2564 in·

274 2611 409 2709 troitum
432 2634 529 2684 suum
553 2623 585 2684 et
608 2611 760 2684 omnibus
781 2611 844 2684 sivi
867 2610 1101 2706 pcrtinentibus
1113 2611 1219 2708 posita
1233 2613 1269 2686 in
1283 2613 1358 2708 loeo
1370 2615 1430 2710 qui
1444 2625 1580 2690 vocator
1592 2639 1699 2711 agun-

275 2759 368 2808 num:
384 2747 416 2808 ct
430 2736 491 2807 alia
506 2737 609 2832 petias
622 2739 662 2811 de
678 2748 765 2808 terra
780 2760 846 2832 que
859 2737 1045 2811 nominatur
1058 2739 1264 2834 nepetiauum
1276 2737 1380 2836 posita
1393 2739 1428 2811 in
1444 2739 1516 2812 loco
1529 2741 1588 2836 qui
1603 2763 1702 2812 roca-

275 2869 329 2932 tur
352 2859 491 2955 galloro:
517 2886 581 2936 una
604 2887 681 2937 cum
703 2861 853 2962 portione
877 2887 951 2935 mea
974 2865 1015 2936 de
1038 2864 1179 2937 fundum
1201 2885 1375 2938 commuue
1398 2887 1508 2938 meum
1523 2875 1556 2938 et
1571 2861 1611 2936 de
1627 2865 1698 2934 aliis

277 2987 476 3061 omminibus
490 2991 633 3086 positum
649 2991 685 3062 in
700 2991 815 3064 eodem
826 2991 900 3065 loco
912 2993 1134 3088 nepotianum:
1150 3013 1304 3064 unacum
1317 2989 1488 3061 erroribus
1501 3001 1534 3062 ct
1550 2989 1700 3061 introitus

275 3135 387 3184 carum
402 3125 436 3186 et
452 3117 603 3189 omnibus
626 3117 689 3190 siri
702 3118 956 3212 pcrtinentibus:
975 3117 1034 3213 qui
1049 3113 1133 3186 mibi
1148 3115 1281 3186 obbenit
1295 3116 1380 3210 ipsas
1394 3115 1495 3209 petias
1511 3139 1576 3210 que
1591 3113 1699 3185 nomi-

274 3247 371 3310 nator
388 3236 569 3311 minianum
592 3241 633 3310 da
657 3241 822 3334 quondam
837 3239 970 3310 domiuo
983 3241 1140 3334 stephano
1154 3238 1371 3310 venerabilem
1387 3239 1614 3334 presbyterum
1630 3263 1700 3310 mn·

176 3433 181 3448 ,
274 3364 374 3458 gister
386 3385 479 3436 meus
502 3364 561 3461 qui
584 3365 647 3436 luit
660 3376 770 3436 custus
785 3365 825 3436 de
840 3374 1020 3435 memoratu
1039 3363 1173 3436 ecclesia
1188 3363 1291 3435 sancti
1306 3363 1427 3436 severi:
1444 3387 1504 3458 per
1519 3356 1701 3434 chartulam

274 3489 456 3563 donationis
477 3513 568 3562 mea:
595 3501 628 3564 et
651 3502 831 3563 memorata
844 3491 948 3586 petias
964 3513 1028 3586 que
1044 3487 1232 3558 nominatur
1246 3487 1455 3581 nepotianum
1469 3485 1551 3556 mibi
1567 3484 1701 3557 obbenit

274 3637 334 3708 per
348 3613 527 3688 chartulam
551 3617 803 3713 comparationis
826 3617 866 3688 da
889 3617 1052 3714 quondam
1067 3615 1224 3709 stephano
1247 3613 1316 3684 filio
1340 3611 1507 3708 quondam
1523 3611 1611 3680 leoni
1631 3622 1700 3680 eta

274 3745 426 3837 gregorio
449 3743 512 3814 boc
536 3755 585 3815 est
608 3745 750 3838 genitori
773 3755 807 3817 ct
829 3745 917 3818 filio:
944 3747 1009 3817 etia
1036 3753 1215 3815 memorate
1239 3741 1385 3816 chartule
1410 3738 1550 3810 iubentis
1573 3748 1653 3833 aput
1668 3751 1700 3812 tc

273 3869 385 3940 renisi
410 3893 486 3940 cum
509 3871 619 3941 omnia
642 3895 707 3967 que
730 3871 895 3942 eontinet:
922 3871 1013 3942 ineo
1029 3881 1160 3942 teume:
1187 3879 1224 3941 ut
1240 3865 1393 3940 omnibus
1409 3864 1522 3938 diebus
1536 3865 1603 3937 vite
1626 3885 1700 3935 mcc

274 3993 381 4088 ipsum
406 3995 549 4088 frugium
564 3993 599 4065 in
616 4019 689 4068 mea
706 3995 748 4066 sit
760 4005 919 4091 potestate
935 3997 1068 4068 tenendi
1084 4005 1117 4067 et
1132 3994 1321 4068 dominandi
1337 4016 1396 4066 seo
1410 3993 1595 4087 refugiendi
1611 3994 1699 4063 etde

273 4120 342 4215 ipsa
358 4122 483 4215 refugia
497 4121 593 4192 faciat
610 4121 719 4194 omnia
736 4145 801 4218 que
817 4121 962 4196 volueris
973 4147 992 4200 :g
1001 4133 1075 4218 post
1090 4143 1202 4194 meum
1216 4121 1391 4192 transitum
1406 4133 1603 4193 memoratus
1618 4119 1700 4192 liber

273 4227 427 4322 'commite
451 4273 527 4322 cum
550 4259 729 4323 memorate
752 4251 832 4322 dues
855 4253 957 4346 peties
976 4252 1017 4324 dc
1033 4263 1212 4325 memorata
1226 4260 1326 4322 terras
1341 4259 1379 4323 ut
1393 4273 1492 4345 super
1507 4250 1625 4345 legitur
1641 4274 1701 4322 rc-

275 4387 443 4449 vertnntur
466 4389 499 4452 et
514 4378 575 4449 siat
590 4379 630 4450 de
646 4391 826 4452 memorata
841 4379 975 4451 ecclesia
989 4379 1092 4452 sancti
1106 4378 1212 4451 severi
1227 4389 1260 4450 at
1276 4378 1436 4450 nbendum
1452 4379 1544 4450 illos:
1559 4383 1594 4448 in
1609 4400 1701 4448 sem-
1826 4413 1827 4418 =

275 4507 458 4602 pitcrnum:
481 4517 514 4578 et
536 4531 643 4603 neque
665 4533 684 4579 a
708 4532 761 4582 me
784 4519 966 4582 memorato
990 4510 1098 4606 sergio
1118 4508 1219 4580 umile
1234 4507 1449 4602 presbiterum
1463 4531 1569 4600 neque
1586 4529 1605 4574 a
1621 4505 1701 4574 meis

273 4633 447 4708 heredibus
479 4637 532 4707 sel
556 4661 575 4705 a
597 4637 691 4710 nobis
714 4637 861 4732 personis
884 4639 1064 4712 summissis
1088 4637 1177 4710 nullo
1206 4647 1355 4732 tempore
1383 4658 1540 4730 nunquan
1564 4643 1600 4704 tu
1623 4655 1700 4704 me-

267 4771 399 4832 morata
422 4761 555 4834 ccclesia
578 4764 680 4837 sancti
694 4765 818 4836 severi:
835 4767 926 4859 quod
941 4765 1024 4836 absit
1037 4765 1157 4853 abeatis
1172 4763 1289 4837 exinde
1304 4763 1479 4856 aliquando
1494 4783 1700 4857 quacumque

273 4887 485 4982 requisitione
509 4901 565 4963 ant
586 4891 733 4964 molestia
756 4917 775 4962 a
798 4915 886 4964 nunc
911 4901 943 4962 et
966 4893 1001 4964 in
1023 4889 1187 4986 perpetuis
1211 4888 1435 4982 temporibus:
1454 4886 1531 4980 qnia
1549 4886 1593 4956 ita
1616 4871 1699 4956 mibi

274 5011 395 5109 placuit
417 5015 445 5089 si
469 5027 578 5090 autem
602 5040 664 5114 ego
687 5029 744 5090 aut
765 5013 939 5094 heredibus
971 5020 1053 5092 meis
1086 5017 1179 5089 aliter
1210 5013 1383 5086 fecerimus
1407 5011 1448 5084 dc
1470 5012 1522 5084 bis
1548 5009 1701 5082 omuibus
