4906 6520
1218 625 1298 657 ”
1382 681 1525 776 (ree)

742 855 774 914 et
796 843 930 915 heredes
963 841 1026 913 tuis
1058 839 1180 910 iridem
1212 857 1287 906 cum
1311 859 1442 908 cerrum
1466 834 1600 905 introire
1626 853 1757 928 usqne:
1790 839 1823 904 at
1846 845 2064 908 memoratum
2090 851 2162 910 tra-

741 969 911 1064 pericum:
937 973 970 1038 et
993 966 1033 1036 eb
1056 964 1127 1058 ipso
1150 961 1308 1064 tregerico
1332 960 1422 1030 intus
1444 959 1513 1052 ipsa
1536 968 1623 1030 terro
1647 959 1818 1032 memorati
1835 959 1969 1032 heredes
1994 965 2159 1056 quondam

742 1095 870 1168 domini
903 1091 1050 1166 iobnnnis
1083 1111 1160 1163 cum
1196 1107 1325 1160 sermm
1347 1086 1484 1158 introire
1507 1107 1573 1158 non
1597 1083 1747 1157 debeatis.
1777 1084 1841 1156 nisi
1870 1081 1927 1157 illa
1958 1111 2044 1183 aqua
2064 1091 2158 1164 robis

744 1229 875 1316 portare
907 1215 1048 1290 debeatis
1078 1215 1121 1286 ad
1155 1213 1250 1288 illum
1280 1233 1435 1286 carrum
1471 1217 1505 1283 et
1528 1233 1551 1281 a
1574 1213 1666 1305 parte
1689 1208 1847 1282 boriesntis
1870 1219 1905 1282 et
1929 1211 2107 1287 occidends
2130 1225 2162 1290 et

743 1344 980 1442 septemtrionis
1011 1346 1053 1416 ad
1084 1365 1141 1416 ore
1174 1343 1215 1415 de
1243 1341 1314 1435 ipsa
1342 1339 1464 1436 piscina
1492 1359 1669 1410 commone
1701 1359 1796 1412 mane
1826 1335 1967 1410 debonis
2001 1339 2043 1412 ed
2079 1363 2164 1438 eque

746 1470 982 1543 hauriendum:
1014 1471 1063 1540 lle
1093 1488 1193 1564 quam
1224 1463 1305 1538 nihil
1336 1463 1418 1535 mibi
1449 1462 1568 1535 exinde
1598 1461 1723 1556 aliquot
1750 1461 1906 1534 remansit
1932 1469 1989 1536 eut
2010 1465 2164 1538 reserba·

746 1599 855 1670 vimus
885 1619 945 1668 nec
975 1595 1011 1666 in
1042 1593 1147 1665 aliene
1177 1591 1354 1688 cuiusque:
1384 1611 1524 1684 pesona
1553 1587 1643 1682 quod
1673 1587 1756 1658 absit
1778 1587 1967 1661 remisimus
1988 1597 2162 1684 potestate:

749 1729 784 1792 et
799 1745 826 1806 *a
851 1717 992 1814 presenti
1016 1717 1069 1788 die
1093 1725 1126 1787 et
1151 1717 1303 1810 deinceps
1319 1721 1497 1788 memorata
1513 1709 1624 1782 inclita
1639 1709 1726 1804 petia
1739 1733 1812 1782 mea
1826 1711 1867 1783 de
1882 1721 2063 1786 memorata
2077 1725 2164 1790 terra

747 1842 806 1936 qui
830 1851 879 1913 est
901 1843 990 1914 intus
1016 1839 1163 1911 clusurio
1187 1849 1221 1912 et
1244 1835 1431 1910 nominetur
1453 1845 1487 1906 at
1501 1842 1632 1908 centnm
1647 1834 1683 1906 in
1696 1843 1877 1908 memorato
1892 1835 1966 1909 loeo
1980 1861 2078 1934 super
2094 1861 2165 1912 ma-

747 1987 866 2038 ranum
889 1967 1031 2061 qualiter
1053 1989 1111 2060 per
1135 1967 1329 2036 memoratos
1352 1959 1555 2034 ooberentias
1569 1970 1603 2032 et
1617 1981 1769 2034 mensura
1783 1959 1843 2048 tibi
1858 1984 1915 2035 eos
1929 1963 2165 2040 insinuabimus
2248 2015 2250 2018 -

748 2103 782 2166 et
807 2115 883 2166 com
906 2093 1077 2164 arboribus
1099 2101 1132 2163 et
1156 2091 1327 2162 introitum
1351 2109 1448 2162 suum
1471 2097 1505 2160 et
1527 2087 1679 2162 omnibus
1702 2087 1765 2160 siri
1788 2088 2020 2182 perb'nentibns
2034 2106 2069 2166 et
2082 2117 2163 2168 me.

749 2229 874 2294 moratu
910 2219 1061 2316 portione
1092 2239 1165 2290 mea
1194 2239 1236 2286 ex
1259 2215 1329 2310 ipsa
1353 2214 1478 2309 piscina
1501 2235 1641 2286 comune
1664 2237 1741 2288 cnm
1764 2213 1931 2288 introitum
1954 2239 2048 2290 sunm
2071 2243 2162 2317 quo-

750 2351 849 2420 modo
871 2347 1021 2442 superius
1044 2344 1165 2438 legitor
1189 2355 1222 2416 et
1244 2341 1398 2416 omnibus
1421 2343 1485 2414 sivi
1508 2339 1744 2436 pertinentibus
1766 2367 1786 2414 a
1809 2343 1906 2416 nobie
1929 2344 1990 2417 tibi
2012 2346 2078 2418 sint
2097 2371 2166 2421 ve·

749 2477 941 2548 numdatnm
970 2483 1005 2547 et
1035 2473 1191 2546 traditum
1217 2470 1253 2540 in
1285 2477 1341 2540 trra
1374 2469 1532 2566 tuisque:
1565 2467 1739 2542 beredbus
1767 2471 1833 2544 rint
1853 2479 2013 2566 potestate
2034 2497 2165 2572 queque

750 2602 867 2676 exinde
896 2603 1001 2672 iecere
1033 2597 1200 2671 volueritis
1232 2602 1265 2670 et
1287 2619 1394 2693 neque
1417 2620 1437 2666 a
1459 2617 1512 2666 me
1534 2603 1715 2667 memorata
1738 2617 1868 2692 gemma
1891 2617 1956 2670 rma
1980 2622 2057 2672 cum
2080 2623 2167 2672 con-

754 2749 852 2800 sensu
876 2722 1048 2796 memorati
1073 2721 1195 2794 marini
1219 2721 1411 2815 langubardi
1435 2720 1498 2792 viri
1519 2721 1585 2792 mei
1609 2742 1716 2816 neque
1741 2741 1760 2790 a
1782 2721 1903 2795 nostris
1920 2723 2094 2800 heredibus
2108 2749 2169 2800 nec

751 2877 771 2924 ι
795 2850 889 2924 nobis
919 2849 1065 2942 personis
1099 2847 1280 2920 summissis
1309 2844 1400 2917 nollo
1427 2855 1573 2940 tempore
1608 2867 1787 2942 numquam
1810 2855 1848 2917 tn
1869 2851 2052 2921 memorato
2074 2850 2168 2924 leone

752 2975 890 3050 terrario
914 2982 1054 3070 cognato
1076 2993 1153 3046 meo
1177 2978 1234 3042 aut
1256 2969 1322 3042 tuis
1335 2967 1508 3042 heredibus
1523 2971 1613 3066 quod
1627 2973 1711 3044 obsit
1725 2971 1846 3046 abeatis
1861 2975 1979 3048 exinde
1993 2976 2172 3072 aliquendo·

751 3125 958 3202 quaoumque
983 3102 1195 3199 requisitione
1219 3107 1275 3172 ant
1298 3077 1446 3168 molestie
1466 3121 1525 3194 per
1539 3098 1664 3171 nullum
1688 3100 1825 3172 modum
1840 3107 1901 3172 nec
1914 3125 1972 3197 per
1987 3105 2168 3178 summissis

753 3233 899 3326 personis
923 3255 942 3301 a
964 3251 1052 3302 nunc
1074 3237 1107 3302 et
1128 3231 1165 3302 in
1186 3225 1352 3324 perpetuis
1375 3223 1595 3319 temporibus:
1629 3225 1763 3322 iusuper
1791 3239 1824 3300 et
1847 3229 1888 3301 eb
1912 3229 2018 3304 omnis
2041 3232 2168 3306 omines

751 3353 932 3447 bomniqne
954 3373 1107 3445 personas
1129 3351 1245 3422 bomui
1261 3360 1406 3444 tempore
1423 3373 1485 3444 ego
1500 3359 1533 3421 et
1547 3351 1721 3424 heredibus
1735 3355 1818 3426 meis
1830 3353 1890 3426 tibi
1912 3355 2042 3452 susque
2064 3357 2168 3430 bere-

753 3475 848 3548 dibus
873 3473 991 3546 exinde
1013 3476 1048 3544 in
1072 3471 1223 3544 omnibus
1257 3481 1416 3546 euteseue
1447 3479 1481 3543 et
1512 3472 1677 3547 defensare
1701 3475 1897 3550 deveemusz
1922 3487 2056 3573 propter
2077 3481 2168 3575 quod

753 3599 934 3692 accepimus
958 3622 977 3668 a
1003 3605 1035 3668 te
1060 3597 1176 3670 exinde
1200 3595 1234 3668 in
1257 3595 1414 3691 precemis
1429 3620 1526 3693 supra
1540 3597 1603 3690 ipsi
1619 3598 1691 3670 euri
1707 3600 1769 3670 tari
1785 3600 1996 3696 quadraginta
2008 3625 2091 3696 ques
2105 3625 2168 3698 ego

754 3727 794 3796 de
819 3735 912 3798 antee
936 3725 1012 3798 dere
1035 3723 1242 3817 recepimus:
1276 3722 1358 3794 idest
1382 3722 1454 3792 anri
1477 3724 1540 3794 tari
1564 3722 1697 3796 sidecim
1720 3724 1810 3818 quod
1833 3723 1914 3796 liunt
1938 3723 2071 3798 insimul
2092 3737 2169 3800 sunt

753 3853 826 3926 auri
849 3853 913 3925 tari
937 3853 1176 3949 qninquaginta
1200 3869 1258 3924 sex
1281 3852 1367 3925 sieut
1390 3851 1474 3924 inter
1496 3850 1591 3924 nobis
1613 3853 1802 3926 combenit:
1828 3853 1864 3926 Si
1887 3863 1995 3928 eutem
2018 3877 2081 3950 ego
2112 3866 2170 3928 eut

753 3979 927 4052 heredibus
950 3981 1031 4050 meis
1054 3977 1172 4072 quobis
1195 3985 1342 4071 tempore
1365 3986 1477 4050 contre
1501 3977 1585 4052 banc
1608 3977 1787 4052 chartulam
1810 3981 2005 4055 venditionis
2018 3991 2056 4052 nt
2071 4003 2169 4078 super

754 4105 872 4197 legitur
895 4105 1007 4179 venire
1030 4105 1321 4200 presumpserimus
1345 4115 1378 4176 et
1400 4107 1434 4176 in
1458 4103 1574 4201 uliqbit
1588 4107 1702 4180 offensi
1717 4108 1875 4180 fuerimus
1890 4131 1950 4202 per
1963 4111 2082 4205 quobis
2095 4131 2169 4182 mo-

755 4234 835 4306 dum
851 4239 907 4304 aut
919 4235 1098 4309 summissis
1111 4233 1273 4328 personis:
1289 4243 1366 4306 mne
1377 4255 1539 4328 compono
1552 4243 1614 4328 ego
1628 4245 1661 4308 et
1674 4233 1847 4310 heredibus
1859 4238 1940 4310 meis
1953 4237 2014 4310 tibi
2025 4237 2165 4334 tuisque:

641 4388 646 4402 ·
755 4359 928 4436 berffibus
951 4362 1023 4435 euri
1044 4363 1167 4438 solidos
1189 4363 1307 4456 viginti
1321 4373 1475 4460 quattuor
1497 4363 1701 4457 bythianteos
1720 4377 1754 4436 et
1776 4365 1837 4437 bec
1858 4365 2003 4438 venditio
2017 4375 2055 4440 ut
2069 4389 2166 4460 super

755 4481 876 4578 legitur
898 4484 940 4557 sit
962 4485 1055 4557 tirme
1078 4487 1195 4583 scripte
1223 4510 1282 4584 per
1306 4511 1422 4560 manus
1445 4487 1594 4560 lobannis
1624 4490 1755 4562 mrialis
1778 4513 1837 4585 per
1859 4501 2037 4596 menqprata
2060 4492 2168 4566 mde-

756 4611 839 4684 cima
861 4611 1037 4686 indictione
1060 4613 1091 4712 †

851 4735 915 4808 boc
938 4737 1066 4831 signem
1089 4734 1120 4832 †
1142 4761 1257 4812 menos
1281 4745 1458 4810 memorata
1480 4763 1611 4835 gemma
1634 4741 1770 4815 bonesta
1784 4747 1903 4818 smum
1919 4769 1997 4820 crnn
2010 4769 2170 4820 comersn

757 4865 927 4936 memorati
950 4865 1069 4936 marini
1093 4863 1285 4957 longobardi
1309 4867 1373 4936 riri
1396 4867 1449 4938 sui
1472 4869 1559 4962 quod
1583 4892 1645 4962 ego
1669 4873 1726 4965 qui
1749 4881 1947 4947 memoratos
1970 4875 2012 4946 ab
2035 4875 2082 4950 eis
2105 4897 2170 4950 ro-

756 5009 851 5084 gatus
875 5013 935 5088 pro
958 4990 990 5063 ei
1013 4991 1185 5087 subscripsi
1208 4997 1241 5062 et
1263 4995 1434 5065 memorati
1458 4996 1519 5066 tari
1545 4997 1676 5069 traditos
1698 4999 1822 5096 ridi†
