4906 6520
928 691 1072 788 (149)

927 971 1077 1046 ccxut.

383 1180 415 1275 †
437 1183 476 1254 ln
498 1184 633 1256 nomino
655 1185 782 1260 domini
805 1189 858 1261 dei
881 1190 1050 1265 saltuosis
1071 1196 1176 1267 nostri
1197 1195 1292 1270 ihesu
1315 1196 1436 1270 Christi
1450 1203 1631 1297 impetente
1645 1210 1705 1280 do·
1764 1244 1821 1292 an,

291 1305 383 1378 nino
405 1316 517 1381 nostro
540 1309 655 1381 besilio
678 1333 798 1407 magno
821 1317 1018 1410 Imperatore
1041 1341 1128 1390 nuno
1150 1319 1314 1394 trioesimo
1330 1334 1423 1396 sexto
1436 1327 1493 1399 sed
1508 1338 1542 1400 ot
1555 1305 1704 1403 constnn-
1750 1355 1836 1418 996.

292 1433 375 1504 tino·
385 1456 505 1528 magno
528 1437 727 1531 Imperatore
750 1463 835 1512 anuo
856 1441 1021 1516 tricesimo
1044 1448 1163 1518 ertio:
1195 1449 1250 1521 dio
1281 1449 1434 1523 virenon
1467 1455 1561 1526 tertio
1584 1461 1703 1529 mensis
1803 1541 1806 1548 ,

243 1635 249 1638 ,
292 1556 421 1649 auguro
444 1557 620 1631 indictione
641 1583 728 1632 nonu
750 1565 901 1659 neapoli:
927 1565 1060 1639 certum
1088 1579 1139 1640 est
1160 1593 1220 1644 nos
1243 1573 1414 1648 iohannem
1439 1578 1498 1672 qui
1520 1582 1705 1651 nominatur

292 1681 368 1775 gigo
399 1681 468 1754 filio
501 1685 666 1780 quondam
698 1687 845 1781 stephani
877 1689 937 1784 qui
965 1693 1151 1764 nominetur
1173 1695 1249 1788 gigo
1277 1708 1310 1768 et
1335 1709 1429 1790 petro
1451 1701 1518 1774 tilio
1540 1706 1703 1798 quondam

293 1801 416 1876 domini
439 1806 523 1899 petri
546 1808 605 1900 qui
628 1807 879 1883 nominaturus
901 1834 1039 1884 maure:
1071 1837 1134 1908 ogo
1155 1827 1354 1888 memoratus
1375 1820 1530 1896 iohannes
1553 1826 1611 1918 qui
1635 1849 1702 1896 no-

291 1928 435 2001 rmnnnn
457 1931 532 2025 gigo
556 1929 697 2002 uisitator
719 1933 761 2004 ds
784 1933 853 2004 sole
877 1944 910 2006 ot
931 1935 1008 2008 luno
1031 1947 1065 2008 et
1082 1961 1145 2032 ego
1168 1951 1366 2012 memoratus
1388 1953 1482 2036 petro
1506 1947 1642 2021 uuinton
1664 1957 1700 2024 in

290 2057 355 2126 iuro
378 2055 437 2149 qui
459 2066 596 2128 vocnurr
618 2060 867 2152 propontiuuum
890 2060 1055 2135 territorio
1085 2063 1232 2158 planaria
1254 2065 1400 2138 maiore:
1425 2069 1456 2138 Α
1489 2075 1701 2164 presseritis

289 2177 509 2272 promittimus
524 2176 618 2250 robis
630 2179 765 2251 domiuo
779 2180 927 2276 filippum
942 2184 1124 2258 reumabiio
1139 2186 1293 2278 igumeno
1307 2192 1505 2262 monasterio
1517 2205 1700 2269 nouorum

289 2305 387 2396 sergii
404 2311 436 2372 et
452 2301 548 2373 broni
571 2305 630 2399 qui
653 2329 740 2378 nune
762 2320 977 2404 congregatus
999 2333 1035 2381 es
1056 2313 1090 2382 in
1105 2314 1300 2385 monasterio
1314 2327 1497 2387 sanctorum
1514 2320 1652 2391 teodorii
1668 2335 1701 2393 et

289 2429 458 2502 sevnstioui
482 2431 540 2524 qui
564 2431 744 2524 appellatur
766 2435 923 2528 onsnpiotn
945 2437 1044 2508 situm
1066 2439 1102 2509 in
1124 2439 1328 2511 viridiarium
1344 2451 1377 2512 ot
1391 2453 1424 2511 nt
1437 2451 1550 2513 euntes
1563 2467 1700 2536 conpe-

288 2556 435 2646 gationes
457 2556 693 2627 monachorum
726 2558 897 2628 memorati
924 2559 1026 2630 saneti
1056 2567 1089 2630 et
1120 2559 1313 2639 veneratus
1342 2562 1455 2634 restris
1484 2567 1694 2638 monsterii:

288 2691 421 2773 propter
443 2680 584 2774 integros
607 2691 673 2752 tres
695 2681 797 2774 peties
820 2684 861 2758 de
884 2694 987 2756 terras
1009 2695 1136 2758 nusum
1157 2685 1239 2758 iuris
1262 2700 1441 2760 memorato
1460 2698 1571 2762 sonmo
1587 2703 1619 2763 et
1633 2717 1698 2764 ve-

288 2807 424 2877 nerabili
447 2816 557 2878 restro
582 2811 804 2881 monasterio:
834 2811 943 2906 posito
965 2813 1000 2884 in
1022 2813 1096 2884 iooo
1112 2815 1177 2916 'qui
1200 2821 1336 2886 vocatur
1358 2838 1500 2908 conpone
1530 2817 1697 2888 territorio

141 2909 145 2918 ¹
291 2935 483 3028 puteolano:
505 2950 580 3006 uno
596 2957 670 3010 eum
695 2947 828 3030 puteum
852 2963 936 3034 nque
960 2939 1035 3012 vitre
1059 2950 1190 3012 etcum
1212 2939 1352 3036 griptis:
1382 2954 1418 3015 st
1450 2965 1526 3014 eum
1549 2945 1697 3014 introitur

287 3087 362 3134 sues
387 3074 419 3135 et
442 3065 594 3136 omnibus
617 3066 679 3136 sivi
703 3065 955 3158 pertinentibus:
979 3066 1112 3140 ooheret
1134 3067 1197 3138 sivi
1220 3094 1240 3140 s
1264 3067 1370 3161 prims
1392 3068 1492 3161 potins
1515 3069 1556 3140 de
1571 3090 1696 3141 memo-

285 3199 354 3258 ratu
378 3200 462 3260 terro
485 3213 550 3283 quo
573 3189 759 3260 nominetur
782 3199 814 3258 at
837 3189 910 3259 ittut
932 3200 1068 3283 puteum
1090 3189 1132 3258 ab
1153 3211 1221 3260 uno
1243 3190 1343 3260 lutere
1357 3201 1447 3282 parto
1462 3190 1697 3283 septemtrionis

285 3321 370 3380 terre
394 3311 538 3382 heredes
556 3310 719 3405 quondam
741 3311 886 3404 stephani
909 3312 949 3382 de
971 3321 1077 3382 rostro
1100 3310 1273 3403 puteolano
1295 3335 1361 3406 quo
1383 3311 1568 3384 nominetur
1590 3311 1697 3384 triue-

284 3438 375 3507 siiiaz
401 3448 435 3507 et
464 3436 504 3508 do
535 3435 599 3506 elio
621 3437 721 3509 latero
752 3447 843 3530 parte
875 3437 1050 3509 meridiano
1073 3445 1159 3510 terro
1190 3438 1376 3510 monosterii
1399 3447 1506 3508 ssnrte
1541 3439 1642 3509 muio
1665 3447 1698 3510 nt

285 3565 406 3662 repelle
429 3565 525 3636 siconi
549 3566 633 3638 inter
655 3587 690 3636 so
714 3565 847 3660 egripus
870 3565 1015 3638 exflnntr
1046 3565 1087 3636 de
1118 3586 1186 3634 uno
1209 3565 1314 3657 cupite
1336 3575 1426 3656 porte
1450 3565 1583 3636 orientis
1606 3565 1695 3638 silius
1779 3589 1782 3596 ’

284 3693 435 3786 publice:
462 3701 496 3760 et
518 3693 559 3761 de
583 3692 647 3760 ulio
671 3691 775 3790 eapite
798 3699 891 3784 porto
913 3687 1086 3760 enitentis
1108 3697 1195 3758 terro
1215 3685 1373 3780 episeopii
1395 3696 1502 3756 sumto
1525 3685 1696 3778 putooiuue

283 3817 438 3887 eoriosie:
462 3826 496 3886 et
520 3826 553 3883 nt
576 3824 756 3885 memorata
780 3813 919 3884 secunda
942 3811 1045 3904 petias
1068 3833 1134 3904 quo
1156 3809 1341 3882 nominemur
1387 3826 1391 3840 ’

283 3941 415 4011 ooherot
435 3937 500 4006 sivi
522 3935 564 4004 ab
587 3957 656 4004 uno
679 3936 779 4002 lutere
802 3945 893 4025 perte
915 3933 1154 4026 septemtrionis
1176 3944 1263 4003 terra
1280 3931 1420 4036 ¹henredus
1440 3931 1540 4023 sergii
1562 3933 1604 4002 de
1625 3955 1718 4006 oro--

283 4075 359 4133 sant
384 4061 424 4132 tie
446 4067 627 4129 memorato
649 4063 755 4126 enstm
782 4055 879 4126 sicuti
902 4055 987 4128 iuter
1007 4079 1043 4128 so
1066 4057 1221 4128 termines
1244 4056 1383 4127 emmo:
1398 4067 1432 4126 et
1447 4055 1574 4128 dontio
1599 4056 1697 4130 latero

282 4194 375 4280 parto
396 4179 574 4253 meridiana
595 4189 683 4248 terra
705 4175 904 4248 omminibus
927 4177 968 4249 de
991 4189 1179 4272 memorato¹
1202 4189 1308 4250 rouo
1342 4179 1438 4250 sicuti
1460 4178 1544 4250 inter
1566 4201 1601 4252 se
1624 4189 1696 4252 ter-

284 4313 382 4382 minis
405 4310 553 4384 exfinot:
580 4307 619 4377 do
642 4327 710 4376 uuo
732 4306 836 4399 capite
859 4313 953 4399 parte
975 4307 1151 4380 occidentis
1165 4315 1214 4379 ost
1243 4315 1353 4380 monte
1385 4317 1429 4378 et·
1442 4327 1483 4376 ox
1506 4305 1573 4384 sliu
1594 4308 1697 4400 sepite

282 4449 372 4529 porte
406 4432 541 4507 orientis
564 4441 651 4500 terra
687 4429 813 4500 domini
834 4429 985 4500 iohannis
1012 4429 1080 4500 filio
1104 4430 1227 4504 domini
1261 4431 1399 4502 esest:
1424 4437 1697 4505 sumomonte

285 4560 381 4628 tertia
417 4559 519 4651 potins
551 4579 615 4649 que
638 4555 824 4624 nominatur
846 4565 879 4622 nt
902 4555 1017 4625 uniens
1040 4577 1118 4627 cum
1139 4563 1274 4648 puteum
1297 4555 1477 4649 aquense
1501 4566 1533 4628 et
1555 4555 1693 4648 griptis:

281 4689 414 4758 coheres
436 4683 499 4756 sivi
522 4683 565 4754 de'
586 4705 653 4754 uno
676 4684 778 4776 cupito
794 4691 885 4776 parte
899 4682 1075 4754 oooideut'u
1100 4691 1188 4754 terra
1216 4682 1400 4755 mmanerii
1421 4680 1523 4754 eructi
1542 4680 1693 4750 dimitri:

281 4825 315 4884 et
339 4816 380 4884 de
403 4810 467 4882 ulio
491 4809 594 4903 capito
609 4819 700 4902 parte
716 4809 849 4880 orientis
871 4809 925 4880 via
948 4809 1087 4903 publiea.
1110 4808 1151 4880 do
1173 4793 1360 4880 unolstero
1382 4815 1473 4900 porto
1487 4805 1696 4898 septemtrio-

282 4939 332 5014 nis
356 4945 440 5006 torrn
465 4935 623 5009 heredes:
649 4934 774 5004 domini
796 4934 943 5006 iohannis
978 4935 1122 5006 tusculo:
1149 4945 1182 5004 et
1211 4931 1343 5004 de'siio
1365 4930 1463 5025 intere
1486 4937 1575 5022 porto
1598 4929 1696 5000 meri-
