4906 6520
899 693 1045 789 (119)

876 979 1074 1056 GCXXViIL

358 1234 390 1329 †
412 1237 451 1306 ln
473 1233 606 1318 nomine
629 1232 753 1307 domini
775 1232 829 1306 dei
852 1231 1022 1304 rdvrtorir
1044 1233 1147 1305 nostri
1170 1233 1266 1306 ihesu
1289 1232 1408 1305 Christi
1430 1235 1612 1329 imperante
1628 1235 1688 1308 do-
1762 1267 1816 1317 an.

264 1364 354 1438 mino
376 1369 489 1432 nostro
510 1357 624 1430 besilio
647 1381 766 1452 magne
787 1359 986 1452 Imperatore
1009 1379 1094 1430 unuu
1117 1357 1279 1430 tricesimo
1301 1361 1464 1432 secundo:
1480 1363 1536 1434 sed
1559 1371 1592 1434 et
1609 1383 1689 1435 oon·
1739 1377 1825 1441 992.

263 1495 404 1569 stnntino
425 1493 525 1566 nater
548 1490 618 1562 eius
640 1513 760 1585 magno
782 1463 981 1584 imperatore
1003 1513 1088 1562 anno
1111 1489 1266 1562 vicesimo
1298 1513 1406 1563 neno:
1433 1489 1487 1564 die
1510 1499 1601 1564 sextu
1624 1490 1688 1564 de·

265 1620 351 1694 eima
373 1615 491 1690 mensis
514 1614 598 1688 iunii
613 1615 789 1688 indictione
812 1615 925 1710 quintu
948 1613 1098 1710 neapoli:
1120 1613 1225 1686 Horta
1239 1623 1288 1689 est
1310 1617 1422 1713 itaque
1444 1617 1581 1692 intentio
1602 1617 1689 1690 inter

266 1767 325 1818 nee
348 1744 532 1838 digemum
553 1741 657 1814 filium
680 1741 849 1837 quondum
872 1739 1018 1834 stephani
1032 1741 1091 1834 qui
1106 1741 1292 1812 nominetur
1307 1746 1347 1814 de
1363 1744 1565 1836 pentuliouer
1582 1752 1615 1817 et
1628 1765 1688 1817 vus

266 1869 416 1942 videlicet
438 1867 531 1940 leone
559 1867 697 1938 ferrario
719 1866 788 1938 filie
811 1865 976 1958 quondam
998 1865 1142 1959 gregorii
1174 1863 1299 1936 ferredi
1323 1865 1365 1938 de
1388 1866 1565 1939 intentione
1589 1889 1689 1962 quem

266 1995 350 2067 inter
372 2017 433 2066 nos
455 1993 605 2064 obnirnus
626 2000 760 2088 propter
782 1992 836 2063 rie
860 1991 1001 2063 ααιιαιία
1024 2012 1197 2063 commune
1221 2001 1330 2064 nostra
1346 1995 1435 2066 etde
1458 1993 1527 2066 eliis
1550 2015 1690 2064 consor-

266 2117 353 2190 tibus
374 2114 574 2212 neutricum
596 2114 686 2186 hedit
707 2115 795 2186 intus
817 2114 958 2186 clusurio
980 2097 1054 2188 mee
1070 2115 1111 2186 de
1127 2123 1212 2186 terra
1227 2139 1292 2209 que
1307 2115 1492 2186 nominetur
1512 2124 1545 2186 ot
1559 2127 1689 2189 centum

268 2241 373 2337 posite
387 2239 423 2311 in
438 2237 512 2311 luco
526 2236 587 2334 qui
608 2237 796 2312 nominatur
817 2261 987 2312 muranum
1010 2237 1176 2334 quomodo
1198 2241 1287 2312 hedit
1303 2265 1362 2334 per
1376 2241 1430 2313 ria
1444 2243 1584 2314 carraria
1600 2263 1690 2314 eom-

269 2389 368 2440 mune
391 2366 450 2462 qui
473 2364 562 2438 ducit
583 2362 626 2436 de
648 2373 829 2437 memorato
852 2367 927 2437 vico
949 2366 1009 2462 qui
1037 2367 1224 2440 nominatur
1252 2389 1421 2440 maranum
1452 2373 1485 2437 et
1510 2367 1601 2438 trusit
1631 2389 1690 2460 per

270 2489 340 2584 ipen
363 2488 504 2560 clusurio
533 2510 606 2560 meo
628 2509 688 2582 per
714 2497 803 2560 coste
826 2487 867 2560 de
889 2511 965 2582 sepe
988 2489 1046 2582 qni
1069 2499 1116 2560 est
1140 2499 1173 2559 at
1195 2499 1373 2560 memorate
1404 2489 1544 2558 clusurio
1576 2511 1648 2559 mer
1671 2513 1691 2558 α

270 2625 362 2712 perte
385 2615 517 2688 orientis
540 2623 574 2689 ct
595 2614 685 2688 hedit
707 2637 812 2709 usque
826 2615 862 2686 in
876 2619 963 2688 iores
979 2615 1021 2686 sd
1043 2615 1122 2689 alies
1145 2639 1312 2709 campores
1335 2617 1376 2686 de
1398 2613 1513 2686 ceteris
1528 2613 1599 2686 eliis
1612 2637 1691 2686 oon·

173 2789 179 2798 -
271 2737 412 2812 sortibus
435 2737 574 2813 nostrisr
599 2737 641 2812 de
663 2765 728 2836 que
745 2739 870 2814 dicebat
884 2762 959 2834 pers
981 2739 1059 2834 quin
1081 2749 1258 2812 memoratu
1280 2739 1335 2810 viu
1358 2761 1424 2810 non
1447 2737 1536 2808 ibunt
1551 2759 1608 2832 per
1623 2739 1692 2832 ipss

272 2863 413 2936 clusurio
436 2885 508 2936 mes
538 2870 588 2937 set
609 2865 775 2960 quomodo
804 2864 975 2936 heniebnnt
1005 2864 1076 2958 ipse
1098 2862 1152 2935 uie
1176 2863 1316 2934 ααιιαιίι
1340 2863 1381 2932 de
1404 2871 1584 2934 memorato
1617 2861 1693 2933 uico

271 3013 442 3064 muranum
465 2991 555 3064 duent
577 3001 612 3064 et
633 2993 794 3066 intrabunt
816 3015 876 3090 per
896 2992 1038 3064 clusurio
1059 3001 1116 3062 tna
1139 2991 1180 3064 de
1202 3001 1289 3062 terra
1311 2989 1370 3084 qui
1384 2989 1431 3060 ibi
1454 2999 1503 3060 est
1525 3013 1544 3061 α
1566 3011 1693 3064 memo·
1754 2989 1760 3000 '

272 3126 341 3187 retu
363 3114 552 3192 orientalem
574 3123 720 3212 partem:
748 3120 869 3190 iterum
882 3117 1006 3192 dicebat
1017 3137 1095 3210 pure
1110 3137 1182 3188 meo
1196 3115 1275 3208 quic
1289 3123 1326 3185 tu
1341 3114 1472 3185 benistis
1489 3123 1522 3186 et
1536 3117 1693 3188 runcrstis

271 3241 326 3314 ills
351 3265 425 3337 sepe
449 3243 491 3316 de
513 3243 582 3338 ipse
604 3243 746 3314 clusuris
768 3265 841 3314 meu
865 3253 898 3314 et
920 3243 1069 3312 incurretis
1091 3240 1166 3312 inde
1189 3241 1258 3333 ipse
1273 3239 1346 3312 via:
1363 3249 1395 3310 et
1409 3261 1483 3332 pers
1497 3250 1555 3312 tua
1570 3241 1695 3314 dioebet

271 3387 349 3439 vere
370 3365 449 3460 quin
471 3373 509 3436 tn
531 3386 608 3436 cum
630 3363 702 3434 eliis
724 3365 927 3438 consortibus
949 3365 1066 3438 nostris
1089 3363 1256 3436 benissctis
1280 3373 1313 3436 et
1336 3366 1527 3436 runconere
1541 3364 1597 3434 iliu
1619 3388 1695 3460 sepe

272 3494 312 3566 de
335 3493 403 3586 ipsu
427 3489 567 3563 clusurio
589 3511 662 3562 men
685 3497 719 3562 et
741 3489 915 3562 incunstitis
938 3491 1013 3564 inde
1035 3491 1105 3584 ipsu
1128 3490 1182 3561 vin
1205 3511 1245 3560 eo
1269 3490 1359 3582 quod
1383 3489 1536 3562 dicebatis
1558 3492 1603 3562 ud
1626 3491 1696 3584 ipsu

272 3621 326 3692 vis
348 3641 477 3715 sempor
498 3641 557 3713 per
571 3617 641 3712 ipsu
656 3617 796 3690 clusurie
811 3639 884 3690 men
900 3617 1076 3690 undubont:
1097 3619 1146 3690 De
1161 3641 1227 3711 quc
1242 3615 1342 3686 mults
1357 3615 1562 3686 altercatione
1578 3617 1695 3689 exinde

272 3745 355 3817 inter
378 3767 438 3818 nus
461 3745 609 3818 uiuimus
631 3766 719 3816 nunc
741 3755 849 3817 entem
872 3747 1091 3841 persensimus
1114 3743 1236 3816 ibidem
1250 3765 1348 3836 super
1371 3765 1448 3816 cnm
1467 3742 1588 3814 iudices
1610 3741 1695 3835 pub-

273 3870 349 3944 blici
373 3883 406 3944 et
428 3873 507 3943 dum
532 3869 639 3940 taliter
662 3869 900 3942 dtercussemus
924 3869 1079 3941 iudicabit
1102 3868 1220 3941 exinde
1244 3868 1327 3939 inter
1342 3867 1436 3938 nohis
1451 3891 1490 3938 oc
1505 3868 1626 3940 iudicio
1649 3869 1698 3940 ud

273 3996 300 4066 si
324 3991 467 4088 potuerit
489 4013 562 4086 pars
585 4003 640 4061 tua
663 3991 744 4062 mihi
767 3990 983 4063 ostensionem
1006 3993 1109 4064 secere
1133 3992 1299 4086 quomodo
1320 3993 1389 4086 ipss
1405 3991 1459 4061 sin
1475 3991 1614 4062 correrio
1637 4013 1696 4086 per

274 4125 454 4190 memorre
477 4113 616 4188 clusurio
639 4137 712 4186 meu
736 4112 896 4186 endebnnt
917 4135 977 4209 per
999 4115 1211 4212 quodraginta
1234 4139 1334 4188 annos
1349 4117 1575 4190 iusiurandum
1590 4117 1695 4189 taliter

276 4242 357 4316 mihi
380 4264 454 4316 cum
478 4242 548 4336 ipss
571 4243 752 4314 testimonie
767 4253 801 4314 et
816 4241 923 4314 dicere
938 4244 1015 4338 quin
1029 4254 1206 4316 memorata
1222 4247 1275 4318 via
1291 4245 1430 4317 canaria
1445 4270 1503 4340 per
1518 4255 1696 4318 memorate

276 4366 415 4438 clusuris
430 4385 501 4438 mes
518 4363 677 4436 audebunt
689 4387 752 4458 ogo
762 4374 868 4436 suum
885 4389 1006 4460 ponere
1022 4368 1114 4440 robis
1130 4369 1247 4442 exinde
1264 4393 1322 4440 cnc
1341 4371 1523 4442 securitate:
1541 4382 1573 4442 et
1586 4372 1613 4442 si
1629 4392 1696 4441 non

276 4493 418 4586 potuerit
441 4513 515 4585 pers
537 4501 593 4562 tua
616 4492 721 4564 taliter
740 4491 822 4563 mihi
837 4493 893 4563 illu
906 4496 1073 4568 ostendere
1089 4505 1165 4566 tunc
1180 4497 1302 4570 iuraret
1317 4521 1452 4592 persons
1469 4521 1541 4570 mee
1556 4499 1649 4568 vonis
1663 4507 1696 4568 et

278 4619 384 4689 dicere
401 4617 478 4712 quie
493 4617 562 4710 ipsa
576 4615 630 4688 uie
645 4641 703 4712 per
719 4617 788 4712 ipso
801 4617 941 4691 clusuris
955 4645 1027 4692 meu
1045 4643 1108 4691 non
1124 4621 1283 4693 undabant
1299 4634 1346 4696 set
1358 4625 1448 4694 omni
1466 4633 1610 4715 tempore
1625 4623 1696 4713 ipsu

277 4745 331 4815 vie
354 4743 494 4815 curreris
508 4769 566 4839 per
582 4745 652 4839 ipsa
666 4745 806 4816 clusuris
824 4755 879 4818 tua
896 4747 1054 4819 sudabunt
1068 4773 1127 4820 vos
1143 4751 1287 4823 [seeretis
1303 4751 1384 4822 mihi
1401 4751 1518 4822 exinde
1534 4749 1640 4840 legem
1655 4769 1696 4820 eo

279 4871 368 4964 quod
385 4869 568 4943 runcestitis
581 4871 635 4942 ille
651 4893 726 4965 sepe
741 4874 781 4942 de
793 4883 969 4944 memorata
984 4875 1122 4946 clusurio
1137 4899 1221 4948 mee:
1239 4877 1361 4972 etquid
1376 4875 1409 4947 in
1424 4875 1577 4969 presentis
1589 4885 1696 4948 osten-

279 5001 361 5072 sistis
376 4999 457 5072 mihi
481 4999 553 5072 illos
575 4999 609 5071 in
633 4999 774 5094 pubbliei
798 5022 857 5094 per
879 5001 1037 5073 ommines
1052 5003 1092 5076 de
1107 5013 1285 5075 memorato
1308 5003 1381 5073 loco
1405 5023 1573 5073 maranum
1596 5001 1695 5074 etiarn
