4906 6520
909 697 1049 796 (133)

271 857 341 926 auri
366 854 485 927 solidos
510 855 642 950 triginta
666 855 889 952 bythianteos:
915 873 947 933 ot
963 864 1025 935 hec
1041 832 1337 936 chartuta'merisse
1353 863 1522 936 divisionis
1542 877 1580 939 nt
1595 893 1694 962 snper

272 983 393 1076 legitur
415 985 458 1054 sit
482 985 575 1056 firma
598 986 717 1080 scripto
733 1011 792 1080 per
810 1011 927 1061 manus
945 992 1090 1086 gregorii
1106 993 1237 1064 curialis
1252 1018 1312 1087 per
1326 1005 1505 1066 memorata
1522 997 1696 1069 indictione

273 1114 409 1205 septima
434 1114 464 1210 †
1048 1120 1050 1126 ’

372 1241 437 1310 hoc
461 1244 591 1337 signum
614 1243 646 1339 †
669 1265 786 1314 manus
817 1255 1000 1316 memorato
1032 1249 1141 1340 sergio
1158 1255 1191 1318 et
1213 1259 1307 1342 petro
1331 1271 1503 1342 germanos
1527 1252 1616 1346 qnod
1639 1276 1701 1347 ogo
1750 1319 1753 1324 .

278 1369 338 1462 qui
361 1379 557 1439 memoratos
579 1391 642 1462 pro
666 1371 713 1441 eis
736 1371 911 1466 subscripsi
934 1371 965 1464 †

371 1506 406 1566 et
428 1497 492 1568 hoc
512 1501 723 1570 memorando
739 1499 875 1571 adfirmo
899 1506 937 1570 ut
951 1507 1090 1594 quantos
1113 1503 1219 1571 trabes
1242 1511 1276 1572 ct
1299 1511 1405 1596 petras
1429 1512 1505 1574 sunt
1528 1505 1615 1576 intus
1640 1505 1698 1575 in-

271 1624 391 1695 feriora
414 1625 454 1694 dc
479 1625 541 1694 ista
564 1624 703 1695 secunda
725 1625 876 1715 portione
909 1647 974 1718 qne
1004 1645 1071 1693 non
1098 1632 1173 1694 sunt
1197 1623 1232 1692 in
1255 1626 1383 1696 edificio
1406 1629 1541 1719 positos.
1576 1627 1694 1698 haheat

273 1748 336 1818 sivi
362 1747 471 1842 portio
494 1749 633 1821 secunda
657 1771 722 1842 quc
745 1747 852 1818 iacere
874 1749 1018 1819 volneris
1041 1757 1074 1819 ot
1089 1749 1150 1817 i'stn
1166 1748 1273 1840 portio
1289 1750 1427 1818 secunda
1442 1751 1571 1843 quondo
1585 1752 1693 1844 pergit

276 1875 318 1945 ad
344 1881 524 1944 memorata
547 1873 668 1967 piscina
692 1897 758 1944 non
779 1874 905 1944 hobcnd
928 1873 1061 1944 liccrcm
1077 1872 1198 1942 ibidem
1213 1896 1273 1944 nec
1297 1873 1330 1942 in
1355 1875 1426 1966 ipso
1451 1875 1535 1945 atrio
1559 1877 1696 1967 refigere

274 2007 323 2068 set
350 2007 475 2068 tantum
504 2022 590 2092 aqua
611 1998 729 2070 cxindc
753 1997 817 2070 sin·
840 1999 973 2092 inpendi
998 2006 1030 2067 ct
1045 1985 1198 2094 atqunndi
1215 2007 1248 2069 ot
1263 1999 1458 2069 exeuntibus
1474 1999 1591 2069 exindo
1607 1999 1694 2068 foras

275 2123 401 2216 legatio
420 2125 539 2218 dispoti
563 2123 735 2194 memorati
758 2123 899 2218 genitori
923 2123 966 2194 sit
988 2125 1082 2195 firma
1106 2125 1145 2194 de
1170 2123 1322 2194 omnibus
1345 2123 1533 2194 memoratis

373 2251 500 2346 †Ego
533 2254 705 2348 grogorius
728 2253 865 2324 Curiatis
888 2261 1022 2347 rogatus
1052 2277 1070 2321 a
1098 2253 1287 2324 memoratis
1320 2253 1495 2354 germanis,
1513 2254 1587 2326 testi
1617 2252 1702 2324 sub-

281 2379 395 2475 scrpsi
418 2382 450 2477 †
972 2362 974 2371 '

377 2507 408 2600 †
432 2509 504 2601 Ego
528 2507 684 2579 iohannes
708 2509 792 2580 filius
816 2509 903 2579 idom
926 2510 1050 2580 domini
1073 2508 1207 2582 iohanni
1233 2509 1383 2579 tabularii
1404 2516 1538 2601 rogatus
1554 2533 1572 2578 a
1589 2529 1705 2600 supra-

283 2634 411 2728 scriptis
434 2637 597 2728 germanis
620 2636 710 2707 testis
734 2637 911 2730 subscripsi
931 2635 963 2731 †
1099 2723 1103 2740 Ι

380 2761 498 2858 †cgo
522 2765 692 2858 gregorius
715 2767 801 2838 filins
825 2765 950 2838 domini
982 2765 1069 2838 leoni
1092 2777 1224 2861 rogatus
1248 2793 1267 2836 a
1290 2769 1515 2866 suprascriptis
1539 2770 1702 2863 germanis

281 2889 354 2960 tosti
380 2891 553 2985 subscripsi
576 2891 608 2988 †
1537 2965 1543 2978 ,

380 3020 412 3115 †
435 3021 507 3112 Ego
531 3019 702 3114 gregorius
725 3022 863 3094 Curialis
886 3025 945 3118 qni
968 3033 1163 3098 memoratos
1179 3024 1347 3121 Complovi
1363 3036 1395 3096 et
1420 3025 1543 3099 absolvi
1558 3049 1617 3122 por
1633 3048 1704 3098 me-
1834 3089 1838 3096 .

283 3151 409 3216 morato
433 3146 570 3242 septima
594 3147 770 3221 indictione
792 3149 824 3243 †
961 3237 963 3240 Ι
1532 3137 1537 3145 ’
