4876 6520
977 701 990 797 (
1015 711 1058 774 ⁸³
1084 703 1100 796 )

992 981 1084 1055 ccx.

420 1229 543 1324 †Nos
577 1231 685 1304 eloam
715 1230 904 1328 principissa
935 1240 969 1306 ct
999 1233 1201 1307 landonolfus
1233 1237 1356 1310 domini
1384 1237 1487 1330 gretia
1510 1238 1661 1332 princeps
1685 1261 1745 1334 poe
1811 1277 1869 1326 m,

326 1371 436 1423 amore
459 1353 513 1427 dei
535 1362 568 1427 et
592 1353 767 1427 salvatione
789 1355 897 1426 anima
919 1362 1029 1428 nosue
1052 1357 1166 1428 damus
1181 1356 1387 1430 concedimus
1403 1367 1499 1453 atque
1516 1361 1743 1433 confirmamur
1792 1389 1885 1451 988.

325 1477 552 1572 inperpetuum
575 1477 611 1550 in
634 1477 767 1551 aecimis
789 1477 891 1551 sancti
915 1477 1068 1552 laurentii
1091 1479 1189 1550 levite
1212 1489 1245 1552 ct
1260 1481 1401 1552 martiris
1414 1481 1530 1556 chrmti
1546 1485 1744 1560 monasterio

326 1610 437 1674 nostro
459 1604 539 1676 situs
554 1603 589 1674 iu
604 1603 689 1676 hanc
711 1599 887 1699 capuanam
901 1613 1045 1678 nocuum
1069 1603 1243 1676 cibitatum.
1258 1617 1293 1680 st
1308 1607 1367 1680 usi
1383 1609 1527 1704 dompno
1546 1611 1665 1684 'iacebo
1688 1637 1746 1687 ve·
1781 1643 1783 1648 ·

324 1725 476 1800 norabilis
498 1727 595 1798 abhas
616 1727 762 1800 eiusdem
785 1728 919 1802 oeclosie
941 1727 1046 1800 coaclo
1069 1728 1264 1800 montanarii
1287 1750 1364 1802 oum
1382 1731 1573 1808 nominihus
1594 1739 1693 1812 tarcis
1714 1749 1747 1810 et

325 1849 415 1922 silbin
430 1849 490 1924 sihi
505 1851 749 1944 pertinentibus.
773 1875 839 1946 qno
861 1852 959 1924 habet
973 1853 1034 1924 lros
1050 1852 1129 1924 lines
1145 1853 1310 1947 quomodo
1322 1854 1439 1950 incipit
1455 1857 1591 1949 {renone
1607 1871 1640 1933 et
1656 1864 1746 1936 vadit

325 1978 365 2048 ad
388 1977 476 2048 viam
499 1977 671 2070 publicam.
695 1985 728 2050 ct
749 1976 894 2052 ascendit
914 1979 1036 2052 directa
1051 1980 1093 2052 ad
1110 1977 1257 2054 modium
1279 1991 1425 2056 montem
1446 1985 1628 2060 chermclli.
1644 2001 1676 2060 et
1690 1993 1748 2064 de-
1766 1983 1769 1988 ’

325 2096 447 2170 scandit
469 2117 528 2192 per
550 2097 693 2172 medium
715 2100 822 2196 ipsum
845 2111 990 2176 montem
1013 2113 1048 2176 ct
1070 2103 1159 2178 uadit
1182 2106 1222 2182 ar
1242 2105 1396 2180 londora:
1419 2117 1457 2182 et
1471 2110 1613 2184 ascendit
1628 2113 1747 2186 directe

327 2222 368 2294 ad
390 2229 534 2294 montem
550 2245 614 2318 que
629 2235 765 2298 rocatm
780 2227 967 2300 cornaturii.
984 2237 1017 2300 et
1040 2227 1202 2302 descendit
1215 2251 1275 2324 per
1288 2231 1396 2326 ipsum
1408 2241 1555 2308 montom
1571 2235 1693 2308 directe
1708 2239 1748 2309 ud

328 2362 448 2424 terram
470 2363 655 2426 sanctorum
679 2355 826 2450 stephani
849 2366 883 2426 ot
905 2356 1021 2450 agathe
1045 2355 1290 2452 archiepiscopii
1313 2361 1460 2453 capuani.
1484 2371 1518 2434 et
1541 2363 1684 2436 ascendit
1698 2363 1747 2437 ¹ad

327 2451 494 2550 estleeiam
525 2478 627 2550 sancti
650 2481 829 2552 morundi.
846 2491 880 2552 et
894 2481 1034 2552 ascendit
1058 2483 1098 2554 ad
1114 2483 1240 2554 volem.
1256 2492 1290 2554 et
1313 2485 1455 2556 ascendit
1474 2486 1598 2556 dimum
1622 2486 1663 2558 ud
1677 2508 1748 2558 me·

310 2603 417 2674 'dium
441 2614 586 2676 montem
609 2607 704 2678 marii
727 2618 761 2678 et
783 2607 947 2678 descendit
963 2609 1091 2680 duecte
1112 2629 1217 2702 usqua
1241 2610 1282 2680 ad
1296 2631 1438 2682 saonem.
1461 2619 1499 2682 ut
1510 2609 1621 2704 ipsum
1644 2611 1747 2685 casole

324 2727 368 2800 sit
391 2727 630 2821 imperpetuum
641 2729 788 2802 dedicta
808 2730 1002 2806 monasterio
1024 2742 1137 2804 nocuo
1160 2734 1262 2828 sancti
1277 2733 1437 2807 laurentii.
1452 2735 1574 2806 dumus
1591 2736 1748 2810 mumu-

327 2877 409 2924 mus.
433 2863 531 2948 atquc
551 2855 790 2926 confirmamus.
810 2863 853 2926 ut
871 2855 1024 2927 homines
1042 2855 1149 2950 ipsius
1171 2857 1268 2930 casali
1291 2857 1357 2930 sint
1378 2856 1474 2929 lihcri
1497 2857 1537 2930 ab
1561 2858 1652 2930 omni
1675 2860 1747 2930 data

327 2980 378 3052 vel
402 2979 533 3050 collecta
557 2991 693 3074 que'eat
718 2983 872 3076 pensione
896 2982 1035 3075 publica.
1064 2983 1181 3057 etalio
1205 2972 1337 3080 quoque
1360 2984 1492 3058 servitia
1515 3009 1579 3081 que
1602 3007 1747 3081 quomo-

325 3105 508 3201 documque
527 3106 673 3200 legaliter
689 3109 740 3180 vel
755 3108 873 3180 iniuste
887 3110 1033 3202 partibus
1044 3111 1224 3207 reipublice
1238 3121 1349 3182 nosue
1362 3111 1416 3184 vel
1430 3133 1528 3205 super
1550 3135 1672 3206 ponere
1687 3135 1749 3218 yo-

323 3233 420 3328 luerit
443 3242 499 3304 aut
512 3235 666 3326 potuerit.
690 3235 829 3327 qualiter
844 3237 947 3306 nostri
962 3235 1071 3328 palatii
1089 3237 1252 3330 pertinent
1273 3236 1376 3306 nichil
1399 3237 1553 3310 iussimus
1576 3239 1745 3310 reservcri

312 3367 372 3428 set
388 3357 423 3428 iu
450 3357 683 3450 possessionem
707 3357 849 3429 eiusdem
872 3357 1062 3431 monasterii
1091 3368 1124 3430 et
1145 3359 1190 3430 do
1213 3360 1348 3454 eiusque
1372 3359 1539 3434 abbatibus
1563 3360 1749 3436 custodibus

324 3489 422 3577 etque
435 3482 624 3557 tectoribus.
640 3483 823 3556 laciendum
837 3485 955 3556 exinde
969 3485 1059 3580 quod
1072 3485 1107 3557 iu
1121 3496 1212 3579 purte
1227 3486 1364 3579 predicti
1379 3489 1567 3560 monasterii
1581 3489 1747 3580 placuerit

324 3609 444 3706 ubsque
467 3612 693 3682 contrarietate
708 3611 847 3682 comitis.
870 3611 1031 3684 casuldei.
1054 3611 1183 3684 iudicis.
1202 3612 1254 3682 vel
1268 3612 1415 3684 sculdais.
1440 3623 1497 3684 aut
1511 3613 1746 3710 cuiuscumque

324 3761 460 3831 pemone
488 3737 630 3808 hominis
663 3738 924 3810 contradictione.
957 3737 1009 3809 sel
1034 3739 1267 3834 inquietudine.
1291 3748 1340 3813 set
1362 3737 1590 3834 perpetualiter
1621 3747 1746 3832 purtem

324 3865 467 3936 eiusdem
487 3865 674 3934 monasterii
690 3865 797 3956 ipsum
820 3865 922 3936 casale
936 3887 1014 3938 curn
1036 3864 1223 3938 hominibus
1236 3866 1353 3938 hebeat
1366 3875 1401 3938 et
1422 3865 1592 3961 possideat.
1617 3866 1747 3936 nemine

325 3989 356 4060 ei
381 3988 498 4060 exinde
521 3987 628 4082 aliqua
651 3987 813 4058 contremo
837 3987 984 4058 faciente.
1000 3989 1141 4075 Quodsi
1163 3991 1324 4085 ᾳώῳίαιη
1339 3990 1423 4062 hanc
1445 3997 1589 4062 nostram
1608 4012 1745 4064 concae

325 4110 450 4180 sionem
484 4105 519 4178 in
548 4105 854 4200 quomodocumque
876 4105 999 4179 violero
1029 4109 1262 4204 presumpserit
1284 4109 1365 4182 scial
1386 4131 1421 4181 se
1438 4109 1689 4203 compositurus
1715 4119 1747 4180 et
1872 4103 1875 4109 ’

325 4235 366 4304 ad
382 4233 452 4306 eius
466 4231 634 4303 abbatibus
657 4231 896 4304 custodibus-et
909 4232 1091 4308 rectoribus
1113 4235 1185 4308 arui
1207 4233 1305 4308 libras
1326 4235 1438 4310 ᾱωεω
1462 4243 1495 4306 et
1515 4234 1580 4306 lrac
1602 4243 1746 4308 nostram

327 4357 489 4432 dationem
509 4356 802 4450 confirmationem.
826 4371 884 4428 seu
910 4357 1153 4432 conmunionem
1177 4359 1270 4431 mma
1285 4365 1472 4453 permoneat
1492 4357 1745 4452 imperpetuum.

328 4496 361 4557 et
384 4485 479 4580 signo
501 4495 613 4558 nostro
636 4495 750 4578 supter
769 4484 920 4556 iussimus
943 4484 1075 4580 signari.

422 4612 477 4682 Ex
495 4610 641 4682 iussione
664 4609 806 4706 predicte
829 4611 970 4705 gloriose
993 4615 1153 4708 potestati.
1169 4617 1204 4686 in
1219 4635 1306 4688 nno
1329 4617 1490 4690 dominice
1514 4617 1743 4690 incorrutionis

328 4733 572 4828 nongentesimo
595 4745 698 4808 serto.
735 4743 768 4806 et
790 4736 906 4829 quinto
938 4759 1024 4809 anno
1054 4737 1253 4833 principutm
1275 4740 1355 4814 eius
1377 4763 1487 4818 menso
1510 4740 1603 4814 iulio.
1641 4741 1747 4836 primu

330 4858 517 4932 indictione.
541 4859 654 4954 scripsi
678 4871 786 4932 eutem
810 4881 873 4956 ego
896 4861 1053 4936 iohannes
1072 4864 1230 4938 diaoonm
1598 4895 1603 4906 ·
