4876 6520
312 1180 344 1275 †
366 1181 404 1254 In
427 1179 560 1252 nomine
582 1173 708 1248 domini
730 1173 784 1247 dei
805 1170 975 1244 miratorio
998 1171 1100 1242 nostri
1121 1167 1219 1242 ihesu
1236 1165 1357 1242 Christi
1379 1167 1559 1266 lmpernute
1584 1169 1650 1240 do-
1725 1205 1778 1256 an,

220 1310 310 1382 mino
333 1315 444 1381 uostro
458 1303 708 1398 basiliomaguo
730 1301 927 1396 huperatore
942 1295 1195 1368 annovicesimo
1217 1297 1349 1392 quinto:
1374 1297 1431 1369 sed
1446 1303 1480 1370 et
1493 1305 1648 1368 couscsn-
1699 1317 1785 1381 985.

221 1435 292 1508 tino
314 1456 434 1531 magno
456 1435 652 1527 Imperatore
675 1449 761 1500 auno
782 1425 939 1500 vicesimo
961 1423 1101 1498 secundo
1123 1422 1178 1496 die
1199 1423 1353 1498 desua
1376 1424 1515 1498 aecunda
1530 1423 1650 1496 mensis

221 1562 331 1636 martii
353 1559 528 1634 indictione
551 1558 645 1629 tertia
668 1555 792 1630 decima
815 1553 962 1649 neapoli:
989 1551 1122 1627 Certum
1144 1558 1194 1623 eet
1216 1572 1276 1626 uos
1298 1547 1490 1646 ioaquintho
1504 1550 1647 1645 presby-

221 1696 329 1760 terum
351 1683 420 1756 filio
442 1681 607 1777 quondam
630 1679 698 1775 lupi
721 1675 899 1774 presbyteri
922 1685 954 1749 et
977 1683 1070 1772 petro
1093 1673 1163 1746 filio
1183 1677 1347 1772 mondum
1363 1674 1414 1746 adi
1432 1683 1465 1747 et
1479 1695 1566 1746 sasso
1581 1673 1650 1746 filio

223 1807 388 1905 quondam
411 1803 558 1878 iohannis
589 1825 653 1897 ego
675 1809 869 1876 memorab
885 1821 971 1873 sesso
994 1823 1056 1895 pro
1078 1801 1150 1874 rice
1172 1822 1244 1872 mea
1268 1808 1301 1872 et
1324 1822 1385 1894 pro
1407 1799 1479 1870 vice
1503 1799 1543 1870 dc
1568 1821 1649 1893 ger·-

222 1936 325 2006 msnis
347 1934 427 2006 meis
450 1944 483 2004 et
506 1931 612 2004 alfano
644 1931 712 2002 filio
743 1930 908 2026 quondam
940 1930 1080 2003 maurini
1112 1939 1145 2002 et
1168 1927 1371 2024 iouuniperto
1393 1927 1461 2000 filio
1484 1927 1649 2022 quondum

220 2059 371 2156 uguisoui
394 2069 427 2132 et
450 2065 542 2153 petro
575 2077 633 2128 seu
663 2056 783 2151 uguiso
812 2053 975 2152 germanis
1006 2053 1081 2126 filiis
1113 2054 1278 2150 quondam
1307 2051 1411 2126 mari:
1438 2049 1649 2122 abitatoribus

220 2189 255 2260 in
277 2187 355 2261 mila
387 2183 554 2259 territorio
586 2183 820 2280 cymiummz
854 2183 886 2256 h
917 2179 1058 2280 presenti
1082 2180 1135 2256 die
1158 2176 1379 2278 promittimus
1401 2176 1494 2251 robis
1517 2177 1650 2250 domiuo

223 2315 370 2411 filippum
394 2305 570 2386 venerabili
594 2310 751 2406 igumeno
772 2309 959 2385 monosterii
981 2317 1167 2382 sauctorum
1189 2306 1289 2401 sergii
1312 2314 1346 2378 et
1363 2303 1459 2376 bachi
1482 2305 1540 2399 qui
1563 2325 1651 2374 nuuc

223 2455 436 2538 congregatus
469 2441 583 2514 estin
614 2437 811 2512 monasterio
842 2445 1028 2512 unctorum
1059 2435 1210 2546 theodori
1230 2442 1264 2506 et
1293 2433 1463 2505 serastiaui
1496 2433 1594 2502 ritum
1617 2432 1652 2502 iu

224 2567 359 2638 virierio
382 2564 441 2658 qui
474 2563 644 2658 atpellatur
672 2553 850 2655 caepione
887 2567 1019 2654 propter
1041 2559 1167 2652 integra
1190 2555 1339 2651 portione
1369 2557 1410 2627 de
1441 2553 1595 2626 fundoras
1619 2563 1652 2626 et

226 2693 266 2765 de
289 2713 400 2764 omues
423 2701 525 2763 terres
548 2689 649 2762 cultes
673 2697 706 2760 et
730 2711 794 2759 nou
819 2687 921 2758 cuites
943 2683 1130 2781 longinquis
1153 2693 1186 2756 et
1209 2683 1371 2779 propiucis
1386 2681 1505 2756 montis
1528 2693 1560 2754 et
1584 2683 1653 2754 col·

71 2841 73 2846 ·
225 2817 266 2887 lis
290 2814 393 2909 plenis
416 2811 506 2884 silbis
529 2811 608 2883 ribis
631 2807 769 2908 scapulis
791 2831 856 2884 uua
878 2831 952 2882 cum
978 2809 1148 2882 erroribus
1170 2808 1344 2880 fructiferis
1367 2806 1420 2880 rel
1443 2805 1651 2880 infructiferis

226 2963 378 3037 quasque
400 2959 476 3010 cum
491 2937 638 3010 introitus
661 2959 735 3009 suas
758 2945 792 3007 et
814 2935 965 3006 omnibus
988 2935 1050 3006 sivi
1073 2933 1304 3030 pertinentibus
1326 2933 1446 3028 positas
1461 2934 1497 3006 iu
1519 2955 1652 3006 memo-

227 3079 296 3140 rato
311 3068 387 3138 looo
409 3065 573 3139 territorio
597 3065 830 3160 cymitereme:
861 3063 919 3159 qui
943 3063 1035 3133 vobis
1052 3071 1091 3133 et
1113 3069 1146 3132 at
1167 3069 1347 3134 memorato
1362 3067 1473 3133 sancto
1489 3072 1522 3134 et
1545 3083 1651 3134 veus-

229 3195 321 3266 rabili
345 3203 453 3266 restro
475 3193 671 3264 monasterio
693 3189 830 3296 obbeuit
849 3212 908 3283 per
930 3187 1109 3259 chartulam
1125 3188 1301 3260 offertionis
1317 3211 1382 3283 que
1402 3187 1477 3260 fecit
1491 3188 1546 3261 ille
1561 3188 1652 3262 briu-

227 3322 298 3392 cule
321 3343 396 3390 cum
420 3318 528 3388 omnio
556 3341 621 3412 que
645 3317 810 3388 continete
846 3337 927 3412 quas
962 3338 1042 3386 sero
1076 3324 1251 3386 memorata
1282 3315 1408 3410 integre
1440 3317 1589 3410 portione
1613 3317 1654 3390 de

227 3451 402 3514 memoratu
424 3439 579 3512 fundoras
602 3449 634 3511 et
657 3439 697 3512 de
720 3447 899 3511 memorate
930 3459 1043 3512 omues
1075 3447 1176 3512 terres
1204 3445 1241 3510 ut
1264 3461 1361 3534 super
1383 3440 1525 3533 legitur:
1560 3442 1654 3513 uobis

227 3569 406 3664 nostrisque
430 3567 604 3639 heredibus
626 3565 781 3640 dedistitis
805 3573 839 3636 et
862 3565 1115 3661 respomaticum
1132 3575 1164 3636 at
1179 3566 1406 3639 detinendum:
1432 3568 1468 3638 iu
1487 3591 1527 3638 co
1545 3578 1655 3641 tenore

227 3707 263 3766 ut
294 3697 328 3766 iu
351 3705 460 3767 nostra
483 3694 665 3788 nostrisque
697 3693 870 3766 heredibus
901 3695 942 3767 sit
974 3701 1129 3788 potestate
1160 3693 1289 3766 tenendi
1323 3701 1356 3764 et
1385 3692 1571 3767 dominandi
1596 3717 1654 3766 seu

229 3817 394 3888 lavoraudi
418 3823 451 3888 et
473 3816 651 3890 seminandi
675 3825 708 3888 et
731 3840 828 3912 super
851 3841 911 3889 nos
933 3817 1141 3911 recolligendi
1165 3817 1277 3888 subtus
1293 3827 1325 3888 et
1340 3840 1438 3912 super
1453 3819 1538 3890 uude
1562 3819 1655 3892 nobis

230 3944 433 4038 nostrisque:
459 3941 631 4014 heredibus
653 3942 775 4014 nubam
799 3953 923 4037 partem
939 3967 1004 4015 uou
1019 3945 1162 4037 querelis
1177 3967 1235 4038 per
1253 3944 1380 4014 nullum
1404 3945 1556 4016 modum:
1584 3955 1656 4016 tau·
1767 3989 1772 3998 ·

228 4074 365 4146 tumodo
388 4094 447 4144 uos
471 4081 502 4144 et
526 4070 697 4143 heredibus
721 4071 838 4142 nostris
861 4071 951 4142 omni
967 4092 1072 4143 annue
1085 4095 1144 4167 per
1158 4081 1261 4146 totunm
1283 4083 1421 4167 augusto
1435 4097 1544 4150 meme
1561 4075 1655 4150 robis

229 4201 430 4297 uestrisquer
465 4199 601 4294 posteris
625 4209 658 4271 et
682 4199 715 4270 iu
739 4207 919 4270 memorato
941 4207 1052 4271 sancto
1075 4208 1107 4272 et
1130 4201 1306 4274 venerabili
1330 4210 1437 4276 vestro
1461 4205 1656 4279 monasterio

227 4328 480 4422 responsaticum
503 4328 579 4398 dare
596 4335 628 4400 et
645 4327 794 4400 atduccre
817 4327 1002 4400 debeamus.
1026 4328 1090 4401 hoc
1105 4338 1154 4400 est
1170 4329 1275 4402 fasioli
1295 4331 1390 4402 rubei
1412 4331 1521 4404 modis
1545 4331 1656 4406 decem

230 4469 263 4528 et
288 4460 358 4530 auri
382 4457 443 4528 teri
467 4457 523 4529 dui
547 4457 625 4528 boui
642 4457 723 4528 etin
746 4458 913 4530 natibitatc
936 4457 1061 4530 domini
1083 4459 1211 4554 parium
1236 4483 1339 4531 uuum
1355 4460 1396 4532 de
1411 4485 1510 4556 perne
1524 4461 1657 4558 porcine

231 4590 315 4657 boue
339 4599 371 4658 et
394 4609 497 4658 uuum
519 4587 648 4684 perium
672 4588 712 4658 de
735 4587 817 4682 pulli
840 4587 919 4658 boui
943 4597 976 4659 et
999 4588 1062 4659 due
1086 4597 1200 4683 quarte
1224 4591 1264 4660 dc
1288 4590 1375 4661 olibe
1399 4601 1432 4662 et
1455 4590 1519 4663 due
1543 4599 1658 4685 quarte

230 4713 270 4782 de
294 4731 376 4782 nuce
399 4709 531 4781 insimul
555 4719 693 4782 tractum
715 4721 863 4806 paratum
886 4735 1009 4806 usque:
1024 4711 1111 4784 intus
1126 4722 1235 4807 portas
1248 4715 1420 4786 memorati
1435 4713 1536 4784 sancti
1552 4721 1585 4782 et
1599 4735 1658 4784 ve-

229 4833 383 4908 uerebilis
407 4835 521 4905 restris
544 4834 731 4904 monasterii
753 4844 975 4905 mensuratum
999 4843 1032 4905 at
1055 4835 1202 4908 modium
1224 4837 1347 4908 iustum
1375 4837 1416 4908 dc
1444 4835 1658 4908 commeden-

226 4969 307 5038 dum
333 4973 366 5034 et
391 4971 424 5034 at
447 4971 561 5058 quarte
584 4961 683 5034 iusta:
707 4961 776 5034 siue
799 4961 890 5032 omni
914 4961 1196 5036 ammarioatioue:
1211 4962 1297 5036 unde
1312 4985 1375 5060 eqo
1391 4971 1571 5036 memorato
1586 4965 1657 5036 ioa-
