4876 6520
1404 1163 1529 1234 Christe
1554 1163 1635 1234 fase.

682 1461 739 1511 m,
906 1417 938 1514 †
961 1418 997 1488 lo
1022 1415 1153 1487 nomine
1176 1414 1301 1486 domini
1323 1414 1375 1486 dei
1398 1415 1563 1488 salvatoris
1585 1415 1687 1486 nostri
1710 1413 1804 1486 lbesu
1827 1413 1945 1486 Christi
1968 1414 2146 1509 Imperante
2159 1415 2229 1486 do-

667 1573 753 1638 935,
813 1545 900 1618 mino
917 1553 1028 1615 nostm
1042 1541 1156 1614 basilio
1171 1564 1289 1635 magno
1306 1543 1500 1635 Imperatore
1516 1565 1600 1614 anno
1615 1540 1883 1636 vicesimoquinto
1898 1541 1955 1612 sed
1971 1551 2004 1612 et
2026 1541 2230 1612 constantino

813 1693 932 1762 magno
954 1671 1154 1760 Imperatore
1177 1686 1263 1736 anno
1285 1663 1439 1738 uicesimo
1462 1665 1603 1737 secundo
1625 1667 1678 1738 die
1700 1663 1941 1738 vicesimasextu
1956 1667 2073 1736 mensis
2088 1664 2161 1736 iulii
2177 1665 2230 1734 in-

816 1795 957 1866 dictione
972 1791 1189 1864 tertiadecima
1211 1789 1358 1883 neapoli:
1374 1789 1504 1862 Cotum
1519 1797 1567 1861 est
1582 1813 1634 1862 me
1648 1811 1742 1863 maru
1757 1786 1890 1860 honesta
1908 1789 2028 1862 lemina
2042 1789 2108 1860 lilia
2125 1811 2231 1882 quon-

815 1919 890 1990 dam
913 1913 1037 1986 domini
1069 1913 1213 2006 stephani
1237 1921 1269 1982 et
1294 1913 1426 2005 quidem
1451 1913 1583 1984 domine
1614 1934 1696 1981 anna
1726 1933 1865 1982 monaca
1899 1912 1952 1982 cui
1985 1933 2082 2004 supra
2114 1933 2232 1983 nomen

815 2063 907 2112 musa
929 2040 1102 2135 iugalibus.
1128 2037 1212 2110 Cum
1235 2057 1426 2110 consensum
1450 2046 1481 2110 et
1505 2038 1670 2112 voluntate
1696 2037 1840 2130 presenti
1863 2035 1986 2108 domini
2010 2037 2152 2130 gregorii
2167 2037 2233 2106 riri

815 2164 900 2235 mei:
931 2166 961 2235 Α
984 2163 1122 2256 presenti
1146 2163 1197 2235 die
1221 2161 1437 2255 promtissima
1459 2162 1634 2234 uoluntate.
1658 2161 1814 2254 promitto
1850 2160 1943 2232 vobis
1975 2160 2109 2230 domino
2140 2171 2230 2254 petro

816 2287 989 2361 venerabili
1013 2289 1118 2358 abbati
1142 2285 1327 2360 monasterii
1350 2293 1534 2358 sanctorum
1551 2285 1690 2358 severini
1714 2293 1747 2355 et
1769 2283 1854 2356 sossi
1878 2283 1935 2356 ubi
1959 2305 2075 2356 eorum
2098 2305 2231 2356 senera-

814 2413 891 2484 bilia
913 2413 1081 2506 quieseunt
1113 2433 1259 2504 corpore.
1293 2420 1326 2481 et
1348 2411 1480 2484 domino
1504 2409 1615 2504 filippo
1643 2408 1818 2482 venerabili
1854 2431 2018 2504 ygumeno
2045 2411 2231 2482 monasterii

815 2545 997 2607 sanctorum
1021 2535 1117 2627 sergii
1140 2545 1173 2605 et
1193 2532 1303 2604 baschi
1318 2533 1378 2628 qui
1393 2553 1488 2606 nunc
1512 2541 1725 2627 congregatus
1740 2555 1774 2603 es
1789 2531 1825 2602 in
1839 2531 2026 2602 monasterii
2047 2544 2229 2604 uncwnun

815 2657 963 2730 theodori
986 2667 1019 2728 et
1040 2657 1208 2728 sebastiani
1231 2657 1289 2750 qui
1313 2657 1489 2750 appellatur
1512 2657 1668 2749 casapicta
1691 2655 1790 2726 situm
1806 2655 1841 2728 io
1855 2653 2035 2726 viridiario.
2051 2663 2085 2726 et
2099 2677 2157 2750 per
2170 2677 2230 2725 sos

816 2795 850 2853 at
872 2793 985 2856 cuncte
1008 2793 1114 2854 sesne
1137 2781 1396 2878 congregationis
1418 2781 1655 2854 monachorum
1678 2779 1849 2854 memorati
1873 2780 1973 2854 sancti
1997 2789 2031 2851 et
2044 2780 2231 2854 venerabilis

815 2909 914 2981 vestri
937 2907 1140 2983 monasterii:
1163 2917 1295 3001 propter
1317 2906 1443 3001 integra
1466 2906 1614 3000 portione
1637 2927 1710 2978 mea
1733 2905 1793 3001 qui
1816 2903 1898 2976 mibi
1922 2905 2062 3000 pertinet
2083 2907 2137 2978 rel
2159 2928 2232 3000 por·

815 3034 951 3106 tinentes
973 3032 1071 3104 luerit
1093 3050 1151 3123 per
1174 3031 1360 3103 memoratis
1383 3029 1544 3124 iugalibus
1567 3029 1771 3124 genitoribus
1793 3029 1875 3103 meis
1898 3030 1938 3104 de
1952 3052 2083 3104 omnem
2103 3030 2234 3102 illorum

816 3160 992 3234 hereditate
1023 3181 1080 3228 seu
1115 3156 1305 3228 substantias
1329 3159 1370 3229 de
1393 3158 1480 3231 intus
1504 3167 1537 3230 et
1560 3157 1648 3230 ioris.
1679 3156 1833 3228 simulet
1857 3157 1898 3230 de
1930 3178 2061 3230 omnem
2092 3159 2232 3230 illorum.

817 3289 992 3381 ospitatum
1014 3285 1184 3356 fundatum
1207 3293 1240 3357 et
1262 3287 1482 3358 extundatum.
1515 3283 1753 3380 omnibusque:
1781 3286 1990 3360 alludentibus
2012 3296 2045 3358 et
2067 3289 2234 3382 pertinen·

817 3414 903 3486 tibus
926 3415 982 3486 eis.
1007 3411 1140 3484 lnsimul
1164 3413 1389 3507 undecumque
1405 3420 1462 3484 aut
1476 3413 1784 3508 quomodocumque
1809 3413 1913 3488 eidem
1931 3415 2119 3486 memoratis
2142 3415 2233 3508 iuga-

816 3543 901 3614 libus
924 3541 1123 3636 genitoribus
1146 3539 1227 3612 meis
1249 3539 1417 3634 pertinuit.
1436 3549 1494 3611 aut
1509 3541 1703 3634 pertinentes
1716 3541 1909 3636 generaliter
1931 3541 2030 3615 fuerit
2045 3565 2104 3636 per
2118 3542 2232 3638 quobis
2385 3580 2395 3617 l

815 3670 959 3741 modum.
985 3670 1028 3740 Ut
1044 3667 1072 3739 si
1087 3668 1177 3762 quod
1191 3667 1273 3736 absit
1288 3673 1320 3736 et
1335 3687 1398 3758 ego
1414 3675 1447 3738 at
1462 3691 1578 3739 meum
1600 3668 1778 3740 transitum
1800 3689 1867 3739 non
1891 3668 2054 3763 reliquero
2068 3671 2232 3764 proprium

814 3795 977 3868 heredem.
993 3803 1050 3868 ant
1062 3793 1090 3864 si
1105 3793 1267 3887 reliquero
1278 3801 1309 3862 et
1322 3792 1391 3886 ipse
1406 3791 1557 3885 proprius
1572 3813 1664 3864 meus
1675 3791 1809 3865 heredes
1825 3803 1973 3868 mortuus
1987 3796 2085 3868 luerit
2099 3797 2227 3890 absques

815 3923 983 4014 proprium
1009 3920 1171 3992 heredem.
1195 3927 1233 3990 ut
1257 3941 1323 3992 non
1346 3917 1536 3991 remanserit
1559 3943 1602 3991 ex
1625 3921 1672 3992 eis
1695 3921 1865 4015 proprium
1900 3922 2054 3996 heredem
2076 3925 2164 4018 quod
2186 3932 2231 3994 est

818 4048 858 4116 de
873 4047 1028 4150 uxoqibus
1045 4057 1078 4118 et
1093 4046 1216 4118 viribus
1239 4047 1381 4120 illorum.
1405 4047 1463 4141 qui
1479 4045 1559 4118 illud
1574 4047 1767 4120 bereditent.
1788 4059 1900 4122 stunc
1914 4060 2092 4122 memorata
2110 4051 2229 4145 integra

815 4170 963 4262 portione
986 4193 1059 4241 mea
1081 4171 1140 4265 qui
1162 4170 1245 4242 mihi
1268 4170 1404 4264 pertinet
1418 4171 1470 4242 vel
1483 4171 1680 4265 pertinentes
1695 4174 1799 4244 luerit
1813 4197 1871 4268 per
1886 4175 2002 4270 quobis
2017 4175 2160 4248 modum.
2178 4196 2231 4268 per

817 4297 1003 4367 memoratis
1026 4296 1184 4388 iugalibus
1207 4296 1407 4390 genitoribus
1431 4296 1512 4370 meis
1535 4299 1577 4371 de
1600 4307 1793 4374 memoratas
1815 4299 1952 4374 homnis
1974 4301 2105 4378 illorum
2135 4303 2231 4375 hem-

819 4423 917 4534 ditate
940 4444 997 4493 seu
1020 4423 1210 4493 substantias
1233 4424 1274 4494 de
1297 4423 1384 4493 intus
1407 4431 1440 4494 et
1461 4425 1550 4496 loris.
1574 4426 1670 4498 siurul
1685 4443 1714 4498 et
1729 4429 1768 4499 de
1784 4450 1904 4500 omnem
1919 4429 2048 4500 illosum
2063 4432 2232 4525 ospitatum

820 4547 990 4618 tundalum
1016 4557 1048 4616 et
1072 4547 1293 4618 extundatum.
1317 4545 1532 4641 omnibusque
1555 4549 1763 4626 atiacentibus
1785 4553 2018 4644 pertinentibus
2034 4555 2081 4627 eis
2096 4555 2232 4626 insimul.

818 4673 1045 4767 undecumque
1068 4673 1122 4744 rel
1150 4673 1456 4770 quomodocumque
1489 4675 1595 4747 eidem
1625 4680 1810 4750 memoratis
1842 4679 2002 4772 iugalibus
2038 4681 2233 4775 genitoribus

707 4857 709 4860 .
818 4796 898 4866 meis
920 4795 1083 4889 pertinuit.
1108 4805 1163 4867 ant
1185 4797 1324 4891 pertinet
1347 4799 1399 4870 rel
1422 4802 1613 4892 pertinentes
1636 4803 1734 4872 luerit
1756 4825 1815 4896 per
1834 4805 1949 4899 quobis
1967 4809 2110 4880 modum.
2133 4809 2168 4878 in
2183 4809 2233 4878 in·

822 4925 915 5012 tegre
937 4927 969 4988 et
991 4917 1060 4992 sine
1083 4919 1172 4991 omni
1205 4920 1373 4993 minuitate
1396 4921 1431 4994 in
1458 4935 1563 4998 vestra
1586 4927 1681 5000 etde
1704 4929 1820 4999 vestris
1850 4929 1986 5022 posteris
2009 4941 2042 5004 et
2065 4931 2107 5005 de
2130 4933 2233 5006 eidem
