4876 6520
894 687 906 780 t
933 687 1017 780 59)

832 995 835 1000 ¹
909 969 1016 1043 cuv,

340 1222 432 1314 †ln
455 1223 588 1296 nomine
613 1223 737 1298 domini
761 1227 813 1298 dci
837 1226 1005 1298 salvatoris
1029 1227 1099 1300 iesu
1114 1225 1237 1298 christi.
1261 1227 1357 1300 Anno
1383 1226 1424 1300 ab
1446 1231 1667 1304 incarnatione
1732 1279 1789 1326 gn,

245 1350 380 1422 Domini
404 1349 652 1444 nungentesimo
676 1350 895 1444 octoagesimo
919 1359 1022 1424 sexto.
1057 1373 1157 1446 mam
1180 1358 1213 1425 ct
1236 1361 1355 1446 quarto
1378 1377 1464 1426 anno
1494 1356 1666 1451 principa·
1718 1390 1804 1452 986.

245 1491 298 1550 tus
329 1477 452 1552 domini
478 1477 649 1550 landenolfi
673 1478 935 1556 excellentissimi
957 1479 1112 1574 principis
1140 1502 1250 1554 meme
1274 1481 1391 1575 aprehs
1423 1484 1665 1578 quartadecima

247 1605 389 1680 indictio.
423 1607 491 1678 Nec
514 1629 580 1677 uon
604 1612 636 1676 et
667 1606 783 1700 quinto
816 1629 901 1678 anno
933 1607 1057 1680 domiui
1088 1607 1229 1679 adenolfi
1260 1610 1384 1704 egregii
1415 1611 1664 1706 Archipresulis.

246 1755 315 1828 quo
337 1732 399 1804 deo
422 1733 549 1804 favente
572 1739 680 1804 sancte
703 1753 845 1826 capuana
860 1729 946 1804 sadis
961 1729 1162 1824 archipresul
1185 1744 1388 1806 consecratus
1410 1743 1477 1806 est:
1501 1737 1591 1807 Sicut
1607 1760 1667 1807 ca-

247 1859 364 1928 nonica
387 1857 530 1928 eontinet
553 1858 690 1927 decreta.
714 1855 794 1928 nulli
818 1856 943 1926 licitum
966 1863 1016 1925 est
1038 1853 1237 1952 ubicumque
1257 1865 1444 1930 construere
1461 1881 1667 1953 quecumque

246 1979 397 2052 oratoria.
421 1979 542 2076 absque
564 1979 679 2050 notitia
703 1988 737 2051 et
759 1981 887 2052 licentia
910 1979 1165 2074 archiepiscopis
1199 1981 1293 2054 cuius
1322 1983 1476 2055 diocesim
1500 1983 1668 2056 subiacent

246 2133 321 2182 nam
345 2107 451 2180 omnis
482 2109 615 2181 ecclesia
638 2119 819 2207 cuncteque
852 2108 1006 2180 oratoria.
1029 2109 1065 2180 in
1087 2109 1216 2184 dicione
1249 2111 1366 2182 debent
1397 2133 1465 2182 esse
1494 2109 1669 2204 archipre-

247 2239 335 2313 sulis.
360 2237 395 2308 in
419 2238 512 2310 euius
536 2237 692 2310 diocesim
716 2260 785 2310 esse
809 2235 975 2309 videntur.
1010 2237 1117 2321 Quem
1141 2236 1184 2306 ob
1208 2258 1278 2308 rem
1301 2258 1363 2306 nos
1385 2233 1561 2329 prephatus
1586 2237 1670 2308 ade-

245 2367 350 2438 nolfus
365 2365 633 2460 archiepiscopus
648 2373 715 2435 tam
731 2364 994 2460 archiepiscopali
1016 2363 1209 2434 auctoritate
1223 2362 1307 2433 tutti.
1323 2385 1423 2456 quam
1447 2385 1669 2454 precessorum

245 2505 433 2566 nostrorum
457 2493 560 2564 secuti
582 2493 750 2587 exemplar
782 2493 841 2588 qui
866 2493 1023 2586 plurimas
1047 2489 1196 2561 eeclesias
1219 2488 1336 2560 liberes
1360 2489 1514 2558 iecerunt.
1538 2497 1671 2580 precatu

248 2614 388 2688 ardnoldi
412 2615 632 2686 archidiaconi
656 2615 759 2685 nostri
783 2615 900 2685 dilecti.
917 2637 993 2684 cum
1018 2634 1176 2683 consensu
1199 2612 1403 2683 sacerdotum
1426 2635 1464 2682 ac
1487 2611 1670 2684 levitarum.

247 2753 497 2834 ceterorumque
531 2741 685 2812 ordinum
713 2740 917 2812 clericorum.
941 2763 1000 2834 per
1022 2739 1087 2812 hoc
1112 2747 1259 2812 nostrum
1283 2733 1460 2812 roboreum
1483 2749 1671 2834 preceptum

248 2863 464 2938 concessimus
487 2874 526 2935 ut
547 2865 682 2938 ecclesia
706 2888 807 2960 quam
825 2874 860 2936 tu
886 2865 1017 2937 domina
1040 2865 1161 2936 Aloere
1189 2864 1390 2936 serenissima
1414 2864 1615 2959 principissa.
1641 2877 1674 2937 et

249 2992 411 3085 predictus
434 2991 586 3064 dominus
608 2990 810 3064 landenolius
826 2991 1018 3085 magnificus
1033 2991 1183 3084 princeps
1198 2997 1274 3061 tuus
1291 2990 1377 3062 iilius
1395 2990 1556 3062 vocabulo
1570 2991 1672 3060 sancti

246 3117 397 3188 laurentii
419 3116 517 3188 levite
541 3125 574 3186 et
589 3115 742 3209 martyris
758 3115 844 3184 intus
861 3115 957 3214 istam
973 3116 1151 3208 predictam
1175 3137 1352 3206 capuanam
1367 3115 1532 3184 civitatem
1549 3140 1568 3184 a
1585 3137 1673 3188 novo

249 3241 437 3312 fundamine
461 3241 695 3312 construxistis.
720 3241 761 3309 sit
775 3239 921 3310 absolute
945 3239 1046 3310 libera
1070 3240 1187 3309 amodo
1202 3248 1235 3310 et
1249 3238 1409 3332 deinceps.
1427 3239 1467 3308 ab
1483 3241 1572 3312 omui
1590 3263 1677 3310 cou-

250 3369 378 3440 dicione
401 3368 682 3461 archiepiscopalis
708 3366 946 3438 dominationis.
961 3387 1060 3461 quem
1084 3368 1124 3438 ad
1148 3366 1283 3437 modum
1307 3367 1398 3438 nullo
1423 3368 1502 3438 olim
1529 3377 1675 3462 tempore

250 3494 387 3590 quilibet
409 3506 596 3568 nostrorum
628 3518 849 3567 successorum
874 3494 1142 3588 archipresulum.
1165 3517 1222 3565 seu
1247 3495 1459 3566 sacerdotum.
1484 3496 1538 3566 vel
1561 3495 1678 3564 cuius-

251 3649 394 3721 cumque
418 3623 539 3718 gradus
563 3625 756 3696 clericorum
780 3625 814 3694 in
839 3623 894 3693 illa
920 3623 1108 3693 dominandi
1131 3622 1295 3692 licentiam
1319 3621 1442 3694 haheat
1466 3624 1519 3693 uel
1545 3645 1678 3694 censum

251 3753 396 3846 aliquem
420 3759 476 3820 aut
499 3751 641 3822 reditum
663 3750 773 3841 exigat
796 3749 836 3820 de
853 3773 901 3819 ea.
917 3734 1119 3820 vel'cuuctis
1139 3747 1340 3840 pertinentiis
1364 3747 1443 3818 eius.
1461 3747 1606 3840 nullique
1624 3749 1679 3817 al-

253 3875 314 3947 teri
338 3875 472 3946 ecclesie
495 3874 658 3944 subiaceat
682 3874 738 3943 sed
763 3875 797 3942 in
822 3873 890 3942 sola
914 3883 1021 3944 uestra
1051 3882 1208 3977 potestate
1231 3873 1456 3967 heredumque
1480 3883 1676 3944 uestrorum.

254 4022 329 4071 cum
352 3999 487 4090 integris
512 3997 580 4068 suis
604 3997 806 4090 pertinentiis
830 4015 903 4066 eam
927 3994 1088 4064 subditam
1103 4021 1172 4066 esse
1188 4018 1365 4066 censemus.
1383 4021 1423 4067 eo
1439 3987 1578 4092 quod'iu
1594 4019 1683 4091 pro-

255 4124 329 4218 prio
352 4121 520 4193 territorio
543 4131 652 4190 vestro
677 4143 750 4190 eam
775 4118 1010 4190 construxistis.
1035 4119 1120 4190 Etsi
1137 4120 1295 4213 presbiter
1318 4123 1418 4192 luerit
1434 4123 1605 4192 defunctus
1623 4123 1681 4218 qui

257 4251 392 4323 candem
416 4248 582 4320 ecclesiam
597 4271 711 4339 regere
728 4247 857 4319 ridetur
881 4270 980 4341 quem
1004 4270 1064 4318 vos
1088 4248 1209 4320 ibidem
1232 4250 1421 4320 ordinatum
1443 4250 1580 4322 habetis.
1596 4273 1684 4322 scm·

258 4399 317 4470 per
341 4375 387 4446 ibi
410 4373 559 4444 sacerdos
583 4371 654 4442 talis
678 4371 858 4441 ordinetur.
891 4372 1021 4466 qualem
1057 4373 1227 4446 volueritis
1259 4397 1319 4446 vos
1343 4385 1376 4446 ct
1399 4378 1498 4447 vestri
1529 4376 1679 4448 heredes.

260 4505 367 4588 Quam
392 4501 528 4595 quidem
550 4508 660 4570 nostre
686 4499 896 4568 absolutionis
920 4524 957 4570 ac
981 4500 1137 4572 libertatis
1161 4503 1385 4574 emunitatem.
1404 4530 1422 4573 a
1441 4505 1532 4575 nullo
1557 4530 1599 4575 ex
1623 4527 1685 4574 uo-

259 4625 334 4702 stris
358 4623 520 4696 removeri
554 4623 789 4695 successorihus
823 4647 880 4717 per
911 4627 1008 4697 deum
1037 4627 1292 4721 omnipotentem
1326 4629 1479 4722 simplum
1505 4640 1538 4700 et
1562 4629 1684 4698 trinum

261 4755 397 4847 eiusque
421 4773 533 4821 omues
559 4759 684 4819 sanctos
717 4749 914 4820 adiuramus.
951 4761 983 4822 et
1010 4753 1226 4844 presbiterum
1258 4777 1358 4848 quem
1387 4776 1446 4825 vos
1470 4762 1527 4822 aut
1550 4753 1687 4824 heredes

259 4879 360 4954 vestri
383 4878 429 4950 ibi
452 4878 690 4950 ordinaveritis.
716 4901 781 4948 nou
806 4879 982 4951 habeamus
1006 4903 1065 4950 nos
1090 4891 1146 4953 aut
1170 4905 1371 4953 successores
1394 4883 1497 4952 nostri
1521 4882 1685 4954 licentiam

262 5009 541 5083 excommunicare
556 5008 620 5078 nisi
630 5029 688 5099 per
704 5019 818 5078 certom
834 5021 861 5078 et
878 5023 1086 5100 approperans
1101 5009 1237 5102 rubrum.
1248 5017 1281 5081 et
1296 5018 1334 5078 ut
1350 5007 1390 5078 ab
1401 5007 1517 5082 cishoc
1532 5008 1689 5084 libertatis
