4906 6520
1390 679 1536 772 (rso)
1612 643 1685 680 ’“

1357 962 1556 1036 cexxxlu.

625 1268 676 1314 ω,
837 1225 928 1320 †rn
951 1222 1085 1294 nomine
1108 1219 1233 1292 nomint
1257 1216 1312 1288 uer
1334 1213 1505 1289 mrtem
1527 1216 1641 1301 nesta,
1655 1194 1761 1288 uem
1774 1215 2096 1310 omresmpeano
2109 1219 2169 1291 uo-

603 1379 688 1440 994.
744 1357 835 1429 mino
857 1363 970 1424 nostru
993 1349 1109 1422 basilio
1139 1368 1262 1441 magno
1290 1346 1489 1439 Imperatore
1511 1367 1598 1416 anno
1620 1344 1916 1440 tucesimoquarto.
1943 1347 2000 1418 sed
2020 1359 2057 1418 ‘et
2082 1371 2169 1419 eon-

742 1482 886 1555 stnntino
910 1501 1029 1574 mugno
1052 1479 1250 1572 Imperatore
1273 1497 1359 1546 anno
1381 1474 1548 1546 tricesimo
1570 1474 1698 1569 primo:
1726 1473 1779 1545 die
1794 1483 1877 1546 sesto
1893 1475 2013 1546 mensis
2030 1475 2169 1547 ianuarii

745 1606 923 1679 indictione
955 1604 1091 1698 septima
1110 1601 1267 1696 neapoli:
1302 1599 1436 1672 Certum
1460 1610 1509 1671 est
1536 1622 1596 1670 nos
1620 1610 1749 1694 petrum
1774 1609 1807 1670 et
1830 1598 1938 1692 sergio
1962 1621 2021 1668 seu
2046 1601 2168 1670 cesario

742 1731 882 1802 uterinis
903 1727 1070 1822 ‘germanis
1093 1725 1169 1797 tiliis
1192 1725 1358 1820 quondm
1382 1723 1506 1794 domini
1530 1723 1673 1817 gregorii
1690 1721 1840 1793 mnnduli
1855 1723 2064 1816 postmodum
2088 1747 2167 1794 vero

745 1855 910 1928 monachi.
937 1855 967 1923 Α
990 1850 1131 1945 presenti
1154 1849 1206 1919 die
1230 1847 1449 1942 promtissima
1480 1848 1649 1920 voluntate
1673 1846 1893 1940 promittimus
1916 1845 2011 1916 uobis
2034 1847 2167 1917 domino

747 1980 896 2074 filippum
919 1977 1097 2058 venerabili
1116 1975 1275 2067 igumeno
1298 1973 1488 2044 monasterii
1511 1981 1697 2043 sanctorum
1721 1972 1818 2064 sergii
1834 1981 1867 2042 et
1881 1971 1988 2072 bachii
2005 1973 2063 2068 qui
2080 1997 2167 2045 nunc

749 2113 965 2198 congregatus
989 2125 1023 2172 es
1046 2101 1082 2170 in
1105 2098 1302 2171 monasterio
1335 2109 1521 2168 sanctorum
1545 2097 1692 2168 theodori
1717 2106 1750 2167 et
1773 2095 1943 2169 sebastiani
1967 2097 2025 2192 qui
2051 2100 2168 2192 appel-

749 2232 837 2302 latur
862 2229 1020 2322 casapicta
1044 2226 1142 2296 situm
1167 2226 1202 2295 in
1226 2222 1430 2294 viridiarium
1458 2231 1546 2294 etat
1569 2231 1682 2292 cuntes
1706 2221 1959 2314 congregatione
1982 2209 2167 2292 monumn-

748 2379 822 2427 rum
847 2352 1020 2426 memorati
1044 2350 1144 2422 sancti
1169 2361 1202 2422 ct
1225 2347 1417 2420 venerabilis
1440 2347 1557 2420 vestris
1579 2347 1784 2418 monosterii:
1809 2348 1886 2440 quia
1910 2370 2078 2441 uunquam
2092 2373 2171 2441 pre-

686 2523 690 2529 ·
748 2483 945 2575 summimus
968 2485 1109 2565 nosaut
1131 2476 1307 2548 heredibus
1330 2475 1449 2546 nostris
1463 2496 1524 2546 nec
1540 2474 1692 2544 abeamus
1715 2473 1844 2544 licentia
1869 2473 2066 2568 heliquando
2084 2487 2170 2548 wm-

615 2591 620 2613 ¹
678 2678 683 2686 ,
747 2633 829 2704 pore
853 2631 913 2680 ros
937 2616 969 2679 st
993 2607 1129 2700 posteris
1152 2606 1268 2683 vestris
1291 2605 1345 2676 vel
1368 2601 1548 2700 memorato
1572 2612 1683 2676 sancto
1707 2613 1740 2671 et
1762 2601 1940 2672 venerabili
1964 2613 2074 2707 restro
2094 2626 2172 2672 mo-

748 2737 889 2808 nasterio
924 2757 1063 2829 querere
1097 2737 1137 2806 de
1168 2733 1301 2826 integris
1333 2731 1525 2826 personibus
1557 2731 1598 2800 de
1631 2729 1764 2823 quidem
1797 2728 1952 2821 stephano
1981 2739 2014 2800 ct
2038 2731 2170 2800 rusculo

748 2861 1063 2955 uterinisgermanis
1079 2859 1155 2930 filiis
1170 2858 1335 2954 quondam
1352 2856 1503 2927 iohannis
1517 2855 1607 2927 derisi
1624 2855 1740 2926 restris
1756 2853 1844 2924 etde
1860 2863 2041 2928 memorato
2058 2869 2167 2928 sancte

749 3001 782 3061 et
807 2989 984 3061 venerabili
1008 2998 1117 3060 vestro
1141 2986 1339 3059 monasterio
1363 2995 1419 3056 aut
1443 2984 1482 3055 de
1505 2983 1572 3054 suis
1596 2983 1770 3055 heredibus
1800 2992 1859 3076 per
1882 2983 2008 3054 nullum
2034 2985 2169 3054 modum

748 3139 809 3187 nec
841 3139 901 3208 per
934 3114 1114 3185 summissis
1146 3113 1293 3206 personis
1326 3137 1344 3180 a
1372 3133 1459 3182 nunc
1482 3121 1515 3183 et
1538 3109 1572 3180 in
1596 3109 1761 3203 perpetuis
1784 3109 2005 3203 temporibus:
2038 3111 2170 3205 insuper

751 3239 971 3332 promittimus
995 3258 1058 3316 nos,
1073 3245 1113 3308 et
1135 3237 1312 3310 heredibus
1344 3237 1463 3306 nostris
1491 3235 1584 3306 rubis
1615 3235 1795 3330 vestrisque
1819 3235 1956 3328 posteris
1980 3245 2014 3306 et
2036 3235 2072 3304 in
2095 3258 2171 3306 nse-

750 3375 879 3437 morato
909 3373 1020 3435 sancto
1052 3375 1086 3435 et
1116 3363 1295 3436 venerabili
1327 3375 1437 3434 restro
1466 3363 1663 3438 monasterio
1694 3373 1825 3436 utnon
1854 3363 2006 3434 abeamus
2042 3363 2170 3436 licentia

751 3489 927 3584 aliquando
960 3497 1106 3583 tempore
1138 3489 1311 3559 memorati
1339 3490 1501 3582 germanis
1533 3486 1591 3562 aut
1618 3490 1686 3562 suis
1713 3489 1886 3564 heredibus
1910 3491 1956 3562 eis
1980 3511 2113 3560 menore
2136 3489 2170 3557 in

685 3661 690 3670 ·
749 3619 876 3712 agariss
910 3627 967 3687 aut
998 3618 1033 3688 in
1061 3613 1301 3711 qualecumque
1330 3616 1403 3687 loco
1434 3640 1493 3710 per
1516 3618 1642 3692 nullum
1667 3621 1802 3689 modum
1826 3641 1886 3688 nec
1910 3639 1969 3710 per
1992 3617 2169 3690 summissis

749 3747 896 3839 personis
922 3771 941 3814 a
964 3768 1051 3815 nunc
1075 3755 1107 3814 et
1132 3746 1167 3814 in
1190 3745 1354 3836 perpetuis
1378 3745 1604 3838 temporibus:
1641 3771 1659 3816 a
1684 3747 1779 3816 nobis
1802 3745 1910 3817 aute'm
1933 3746 1986 3817 uel
2010 3771 2029 3815 a
2055 3745 2171 3816 nostris

749 3871 922 3944 heredibus
945 3893 1005 3940 nec
1029 3892 1048 3937 a
1071 3868 1166 3940 uobis
1190 3868 1334 3965 personis
1359 3869 1538 3938 summissis
1562 3869 1653 3938 nullo
1676 3878 1822 3962 tempore
1846 3892 2011 3962 nunquam
2033 3891 2092 3939 vos
2116 3877 2172 3937 aut

748 3998 887 4091 posteris
909 3998 1026 4068 vestris
1056 3996 1110 4066 vel
1142 4006 1323 4066 memorato
1356 4007 1468 4066 sanctu
1501 3991 1534 4067 et
1563 3996 1741 4068 venerabili
1766 4005 1874 4067 vestro
1899 3997 2093 4066 monasterio
2117 4005 2172 4066 aut

749 4123 937 4192 memoratis
962 4121 1123 4212 germanis
1146 4119 1237 4192 defisi
1261 4123 1376 4191 restris
1399 4117 1457 4193 cut
1479 4121 1547 4192 suis
1570 4120 1743 4193 heredibus
1766 4123 1885 4192 exinde
1900 4121 2074 4216 aliquando
2091 4145 2172 4216 que-

749 4272 822 4321 rere
847 4271 904 4341 per
929 4235 1057 4318 nultum
1081 4248 1218 4320 modum
1242 4258 1280 4318 ut
1296 4272 1394 4343 super
1409 4250 1532 4343 legitur
1547 4273 1607 4320 nec
1623 4274 1682 4344 per
1698 4251 1887 4323 summissis.
1893 4253 2040 4344 personis
2056 4275 2079 4334 a¹
2090 4275 2174 4323 nunc

751 4385 784 4444 et
808 4376 841 4444 iu
866 4374 1031 4467 perpetuis
1054 4375 1274 4468 temporibus:
1300 4377 1378 4470 quia
1402 4378 1447 4447 ita
1471 4376 1565 4448 nobis
1589 4350 1732 4471 placuit:
1759 4378 1912 4450 mantem
1929 4403 1989 4451 nos
2005 4391 2061 4450 aut
2079 4379 2173 4450 hare-

681 4543 684 4548 ·
751 4497 845 4567 dibus
870 4496 988 4564 nostris
1014 4497 1106 4567 aliter
1130 4497 1303 4568 fecerimus
1335 4501 1375 4569 de
1406 4499 1457 4570 his
1482 4499 1631 4570 omnibus
1655 4503 1843 4572 memoratis
1868 4512 1904 4572 ut
1929 4525 2028 4596 super
2053 4503 2171 4595 iegitur

749 4646 808 4716 per
832 4621 951 4716 qucbis
975 4622 1110 4691 modum
1135 4599 1191 4690 aut
1214 4621 1393 4691 summissis
1417 4622 1563 4715 personis
1587 4633 1664 4694 tunc
1687 4624 1916 4717 componimus
1931 4625 2025 4698 vobis
2041 4625 2172 4697 vestris-

748 4773 834 4842 que:
853 4749 989 4843 posteris
1004 4749 1076 4819 auri
1091 4749 1211 4821 solidos
1227 4748 1375 4843 trigintas
1391 4774 1448 4822 sex
1463 4751 1667 4852 bythianteos
1683 4762 1715 4823 et
1729 4777 1766 4823 ec
1781 4751 1928 4822 chartula
1950 4752 2172 4846 promissionis

749 4875 927 4949 securitatis
959 4882 996 4944 ut
1027 4897 1124 4970 super
1156 4875 1277 4968 legitur
1307 4875 1348 4944 sit
1380 4876 1473 4946 firma
1501 4876 1619 4969 scripta
1650 4899 1709 4969 per
1733 4899 1848 4948 manus
1871 4875 2020 4950 iohannis
2043 4877 2172 4950 curialis
