4906 6520
929 637 1105 757 ine)

950 923 1110 997 CCLVIII.

910 1178 1035 1252 Christe
1059 1181 1140 1253 iare.

317 1423 346 1450 ”
406 1427 497 1527 †'In
523 1433 658 1505 nomine
690 1409 817 1508 domini
840 1429 895 1506 dei
928 1433 1101 1504 salvatoris
1129 1430 1238 1502 nostri
1267 1428 1368 1504 Ihesu
1398 1429 1524 1502 Christi
1551 1431 1732 1524 Imperante
1767 1517 1785 1544 „
1800 1460 1854 1510 an.

313 1559 447 1631 domino
469 1568 583 1630 nostm
605 1557 719 1630 basilio
742 1567 863 1652 magno
884 1558 1085 1652 Imperatore
1109 1578 1195 1629 anno
1207 1555 1373 1628 tricesimo
1395 1577 1504 1630 nono:
1524 1558 1579 1628 sed
1603 1567 1635 1628 et
1649 1579 1728 1630 eon·
1775 1570 1861 1632 993.

310 1657 446 1754 stantino
466 1685 594 1778 magno‘
610 1687 805 1780 Imperatore
827 1701 911 1754 anne
934 1684 1203 1756 tricesimosexto:
1220 1683 1272 1752 die
1289 1665 1589 1756 vicesimahoetaha
1605 1683 1724 1754 mensis

309 1781 471 1880 hostohrii
494 1787 667 1882 indictione
691 1807 879 1882 duodecima
899 1805 1079 1898 neapolim:
1097 1807 1228 1882 Certum
1242 1813 1290 1874 est
1310 1825 1370 1876 nos
1392 1807 1498 1898 sergio
1521 1808 1722 1879 oaloiolario:

309 1941 342 2005 ut
364 1943 456 2026 petro
486 1935 694 2006 subdiacono
711 1932 847 2004 uterinis}
862 1933 1031 2026 germanis
1054 1931 1127 2002 filiis
1157 1931 1321 2021 qnondam
1349 1931 1449 2022 sergii
1472 1930 1666 2004 oaIeioIariit
1692 1934 1722 2004 A

308 2061 448 2150 presenti
471 2061 523 2129 die
546 2059 781 2153 promptissima
803 2057 966 2130 voluntate
984 2053 1238 2128 uenundedimus
1257 2065 1290 2125 et
1311 2053 1500 2128 tradidImus
1515 2057 1607 2129 vobis
1630 2069 1722 2151 petro

307 2189 341 2253 et
361 2181 488 2254 marino
511 2203 568 2254 seu
581 2157 684 2254 ⁸leone
715 2181 896 2254 eaioioiarIo
924 2183 1057 2252 uterinis
1088 2181 1249 2273 germanis
1281 2181 1354 2254 tiliis
1386 2157 1549 2274 quondam
1580 2184 1721 2276 gregorii

306 2303 478 2377 ealoiolsrii
500 2304 555 2375 cui
577 2323 673 2396 supra
694 2327 814 2374 nomen
836 2303 963 2398 pehnlo
977 2304 1278 2397 postmodumvero
1296 2303 1466 2374 monachi:
1483 2305 1568 2374 Idest
1584 2305 1723 2398 integras

260 2482 263 2486 -
296 2431 370 2500 -une
391 2425 491 2522 petias
513 2427 555 2500 de
567 2429 666 2501 terras
681 2433 788 2500 nostra
803 2451 868 2526 qne
881 2430 1014 2522 ponitur
1027 2435 1059 2498 at
1072 2429 1224 2498 anianum
1236 2449 1334 2520 snpra
1347 2449 1514 2500 maranum
1529 2438 1562 2498 et
1575 2439 1621 2500 est
1636 2432 1722 2502 intns

304 2551 461 2626 elnsuria:
483 2574 548 2625 una
569 2575 646 2624 omn
669 2553 838 2625 arvorihns
861 2559 894 2624 et
915 2551 1082 2626 introitum
1104 2569 1199 2620 smum
1222 2559 1255 2621 et
1275 2549 1425 2622 omnihus
1448 2550 1510 2624 sivi
1533 2552 1721 2643 pertiuenti-

303 2675 366 2752 hus
389 2672 582 2772 pertinentes
604 2679 699 2750 nohis
717 2687 781 2774 'per
803 2691 998 2753 memoratos
1021 2679 1159 2773 genitori
1180 2686 1311 2750 nostro:
1326 2687 1359 2748 et
1372 2650 1505 2749 ooheret
1518 2679 1580 2750 sivi
1595 2679 1636 2748 de
1652 2701 1720 2750 nno

302 2805 402 2878 latere
423 2815 509 2878 terra
532 2806 651 2878 selliota
674 2810 795 2903 conjux
811 2791 866 2879 tua
882 2815 1060 2882 memorato
1074 2815 1167 2900 petro
1181 2805 1363 2877 caloioiario
1378 2807 1474 2879 sicuti
1488 2808 1572 2878 inter
1587 2831 1621 2878 se
1636 2785 1719 2879 duos

300 2915 453 3008 tennes
468 2935 598 3006 exfinat.
625 2945 657 3005 et
680 2935 720 3006 de
744 2936 808 3006 alio
830 2936 930 3008 latere
951 2936 1005 3006 via
1018 2935 1146 3028 publiea
1160 2933 1218 3028 qni
1234 2935 1322 3005 venit
1336 2933 1377 3004 ds
1391 2933 1463 3028 ipso
1478 2933 1551 3005 loeo
1566 2934 1719 3006 anianum

299 3057 394 3128 sicuti
417 3055 501 3128 inter
523 3081 559 3131 se
581 3058 664 3151 sepis
687 3059 821 3131 exfinat:
844 3061 887 3132 do
908 3080 977 3130 nno
1000 3059 1101 3150 eapite
1123 3058 1178 3130 via
1199 3056 1328 3149 publiea
1351 3057 1445 3128 sicuti
1468 3057 1552 3128 inter
1575 3081 1609 3129 se
1632 3059 1718 3150 sepis

297 3179 436 3252 exfinat:
458 3189 491 3252 et
505 3203 547 3251 ex
561 3161 624 3250 aiio
639 3182 740 3274 eapite
756 3183 890 3254 coheret
902 3189 990 3252 terra
1002 3183 1043 3253 de
1054 3181 1102 3250 ilii
1116 3179 1253 3252 baunarii
1267 3205 1325 3252 seu
1340 3188 1373 3251 et
1387 3191 1473 3252 terra
1489 3181 1529 3254 de
1543 3182 1590 3251 illi
1604 3183 1644 3254 de
1659 3205 1718 3282 ro-
1808 3226 1811 3234 ·

296 3301 435 3372 utorium
445 3303 539 3374 sicuti
553 3303 638 3373 inter
651 3325 686 3374 se
701 3305 832 3396 egripns
847 3315 879 3375 et
892 3305 976 3394 sepis
989 3306 1119 3374 extinat:
1134 3326 1193 3374 seu
1207 3304 1472 3375 venumdedimus
1483 3313 1515 3374 et
1529 3307 1719 3378 tradidImus

293 3425 387 3495 vohis
406 3435 439 3498 et
451 3429 599 3520 perdone
613 3435 721 3499 nostra
734 3427 774 3498 de
788 3425 930 3519 puntiale
945 3447 1117 3497 commune
1132 3424 1234 3515 posita
1248 3424 1367 3516 inipso
1382 3425 1455 3496 vieo
1471 3433 1503 3494 at
1517 3427 1670 3498 anianum
1686 3437 1719 3501 et

292 3550 442 3642 portione
464 3561 573 3623 nostra
588 3553 628 3624 de
642 3552 763 3644 piscina
778 3573 915 3624 comune
930 3575 995 3646 qne
1010 3549 1186 3641 appellatur
1200 3559 1232 3618 at
1246 3551 1412 3618 orianum:
1428 3573 1494 3618 una
1509 3575 1585 3624 oum
1600 3554 1715 3626 introi-

293 3683 343 3746 un
363 3693 438 3746 snas
459 3684 492 3746 et
509 3639 667 3747 hmnihns
690 3677 753 3747 sivi
775 3677 1026 3770 pertinentibus:
1048 3677 1088 3748 de
1112 3700 1177 3770 qna
1199 3674 1281 3745 nihil
1309 3675 1404 3745 nohis
1435 3676 1551 3748 exinde
1583 3677 1716 3772 aliquod

290 3797 443 3871 remansit
466 3807 521 3868 aut
543 3800 777 3872 reservavimus
799 3825 861 3872 neo
875 3801 911 3872 in
926 3800 1043 3874 alienas
1057 3821 1209 3892 personas
1221 3799 1443 3873 commisimus
1459 3810 1514 3873 aut
1533 3803 1599 3872 iam
1614 3825 1713 3875 oom-

290 3919 447 3992 minumus
469 3929 641 4013 potestate:
664 3933 696 3995 et
719 3948 738 3992 a
761 3927 899 4018 presenti
924 3913 976 3998 die
1000 3927 1149 4017 deinceps
1172 3927 1236 3995 iam
1251 3925 1343 3998 dictis
1359 3927 1511 3998 omnihus
1526 3930 1712 4003 memoratis

277 4038 329 4114 ‘nt
350 4064 447 4136 snper
469 4043 630 4135 legitura
652 4047 746 4117 nohis
769 4047 862 4119 vohis
884 4050 926 4120 sit
949 4049 1177 4122 venumdatum
1195 4059 1227 4120 et
1242 4051 1394 4122 traditum
1409 4052 1444 4123 in
1458 4061 1564 4124 vestra
1579 4055 1711 4127 vestir-

291 4191 372 4264 que:
395 4167 565 4241 heredibus
588 4171 629 4240 sit
651 4181 803 4264 potestate
827 4175 985 4270 quidquid
1008 4175 1124 4246 exinde
1143 4179 1250 4247 Iacere
1273 4177 1440 4249 volueritis
1463 4178 1602 4250 hherum
1621 4200 1708 4250 sem-

288 4317 348 4390 per
371 4295 487 4370 means
510 4307 682 4389 potestate:
707 4309 740 4372 et
763 4324 872 4396 neque
895 4325 914 4371 a
936 4303 1030 4374 nohis
1044 4315 1222 4410 memorato
1237 4306 1344 4397 sergio
1359 4305 1543 4378 ealciolario
1560 4317 1593 4379 et
1614 4316 1707 4398 petro

287 4419 484 4492 subdiacono
507 4425 643 4496 uterinis
666 4429 844 4518 germanis:
867 4452 974 4524 neque
997 4457 1016 4500 a
1038 4433 1152 4504 vestris
1167 4433 1338 4504 heredibus
1350 4433 1403 4502 vel
1419 4408 1438 4502 d
1452 4435 1545 4505 nohis
1560 4435 1706 4526 personis

286 4546 462 4618 summissis
485 4549 576 4619 nuIIo
599 4559 743 4644 tempore
767 4577 933 4649 nunqnam
947 4580 1017 4646 uvos
1039 4567 1217 4630 memorato
1239 4567 1332 4650 petro
1347 4567 1379 4629 et
1394 4561 1521 4629 marino
1537 4581 1594 4628 seu
1609 4560 1705 4631 Ieone

286 4667 466 4741 oatoiolario
489 4672 622 4744 uterinis
646 4675 806 4766 germanis
829 4687 884 4746 aut
906 4677 1078 4750 heredibus
1100 4682 1218 4750 nostris
1242 4681 1330 4774 qnod
1353 4681 1434 4750 ahsit
1450 4679 1568 4750 abeatis
1585 4683 1703 4755 exinde

283 4791 453 4889 ahqnaudo
476 4819 680 4892 quocumque
703 4800 912 4894 requisitione
937 4812 993 4872 ant
1014 4804 1159 4873 molestia
1182 4829 1201 4874 a
1225 4826 1313 4874 nuno
1328 4814 1361 4875 et
1383 4805 1418 4874 in
1440 4805 1601 4898 perpetuis
1619 4815 1703 4876 tem-

281 4917 429 5014 poribus:
452 4921 586 5016 Insuper
609 4923 700 4993 omni
722 4931 866 5016 tempore
888 4949 948 4996 nos
963 4935 995 4996 et
1008 4926 1180 4999 heredibus
1192 4929 1310 5016 nostris
1323 4929 1415 5003 vobis
1431 4931 1618 5026 uestrisque.
1634 4932 1701 5008 he·
