4906 6520
1352 613 1497 710 (ass)

1349 898 1518 975 ccxxxi.

1315 1151 1441 1225 Christe
1464 1151 1545 1224 tave⁸

595 1437 650 1485 an.
814 1414 845 1510 †
870 1413 907 1482 ln
929 1407 1059 1481 nomine
1084 1404 1208 1478 domini
1232 1403 1285 1476 dai
1308 1402 1478 1475 salvatoris
1501 1401 1605 1476 nostri
1628 1399 1724 1475 then
1739 1399 1859 1474 Christi
1876 1401 2061 1498 imperante
2077 1404 2136 1476 do-

572 1547 659 1607 993.
716 1540 808 1612 mino
832 1545 943 1609 nostm
966 1533 1081 1606 basilio
1103 1554 1224 1626 magno
1251 1531 1450 1624 Imperatore
1474 1553 1559 1602 anno
1582 1529 1749 1602 tricesimo
1771 1528 1887 1601 tertio:
1916 1529 1974 1602 sed
1998 1537 2032 1600 et
2054 1551 2138 1602 oon·

716 1664 857 1738 stantino
881 1683 1001 1756 magno
1024 1661 1218 1753 imperatore
1242 1677 1327 1726 anno
1350 1655 1524 1728 tricesimo.
1547 1655 1601 1729 die
1623 1654 1786 1726 tricesima
1809 1654 1929 1728 mensis
1952 1657 2064 1728 martii
2088 1656 2138 1726 in·

716 1789 858 1862 dictione
880 1795 972 1858 sexta
994 1781 1145 1877 neapolit
1172 1781 1305 1852 Certum
1329 1789 1378 1854 est
1399 1803 1460 1852 nos
1482 1778 1631 1875 filippum
1653 1779 1755 1852 umiis
1770 1779 1927 1872 igmneno
1951 1779 2138 1856 monasterii

721 1922 908 1988 sanctorum
934 1908 1034 2003 sergii
1058 1915 1091 1978 et
1114 1902 1209 1976 bachi
1232 1903 1291 1998 qui
1307 1925 1395 1975 nunc
1410 1911 1625 1998 congregatus
1642 1923 1677 1974 es
1692 1901 1727 1972 in
1742 1901 1938 1972 monasterio
1952 1911 2137 1988 sanctorum

720 2035 908 2110 theodorii:
934 2043 968 2108 et
990 2031 1160 2105 sevastiani
1185 2031 1243 2126 qui
1267 2028 1447 2124 appellatur
1463 2049 1535 2100 oasa
1551 2026 1638 2122 pieta
1654 2026 1753 2100 sitnm
1769 2027 1804 2098 in
1819 2027 2047 2100 viridiarium:
2073 2051 2138 2104 une

615 2187 616 2191 ’
719 2187 796 2237 oum
819 2173 932 2236 cuntas
955 2169 1064 2234 nostra
1087 2157 1337 2253 congregatione
1360 2155 1595 2230 monachorum
1618 2155 1792 2229 memorati
1813 2156 1916 2228 saneti
1946 2165 1980 2228 et
2002 2179 2138 2229 venera-

720 2289 795 2362 bilis
819 2287 921 2360 nostri
944 2283 1153 2358 monasterii:
1178 2282 1434 2376 represseris
1450 2281 1668 2377 promtissima
1682 2279 1850 2354 voluntate
1865 2283 2144 2356 commutavimus

720 2422 752 2484 et
775 2410 986 2482 tradidimus:
1010 2407 1070 2478 tihi
1093 2405 1228 2478 domino
1252 2427 1329 2477 urso
1353 2405 1422 2478 filio
1436 2405 1601 2502 quondam
1614 2404 1739 2477 domini
1755 2403 1901 2476 bitatiani
1917 2403 1998 2479 idest
2012 2405 2137 2500 integre

719 2537 782 2611 due
814 2535 933 2631 petiole
964 2535 1006 2606 de
1036 2531 1272 2606 funducenlum
1299 2543 1447 2604 nostrum
1477 2530 1621 2626 positum
1652 2532 1687 2604 in
1715 2531 1788 2602 loeo
1811 2534 1871 2627 qui
1896 2534 2083 2606 nominatur
2106 2543 2140 2604 at

719 2669 866 2734 sonetum
889 2667 1019 2754 petrum
1043 2667 1076 2728 at
1098 2667 1289 2752 paternum:
1316 2678 1413 2752 super
1436 2655 1579 2728 olibam:
1604 2677 1671 2728 una
1694 2675 1771 2729 urm
1787 2655 1958 2730 erroribus
1972 2668 2005 2729 et
2020 2658 2138 2730 introi·

721 2801 770 2862 tas
793 2810 867 2860 sues
890 2797 924 2858 et
955 2785 1107 2861 omnibns
1139 2787 1201 2858 sivi
1233 2784 1492 2880 pertinentibus:
1522 2787 1655 2860 echeret
1687 2785 1749 2860 sivi
1773 2793 1806 2856 at
1828 2797 2008 2860 memorata
2030 2789 2135 2884 prima

722 2913 841 3008 petiola
873 2914 920 2987 de
943 2923 1159 2988 memoratum
1190 2913 1423 2986 funduoeulum
1453 2913 1494 2984 ah
1517 2935 1585 2986 uno
1608 2913 1709 2988 latere
1731 2923 1823 3008 parte
1846 2913 2027 2986 meridiana
2050 2926 2137 2989 terra

721 3051 778 3112 tua
800 3041 896 3114 sicuti
919 3042 1006 3114 inter
1029 3063 1065 3112 se
1088 3039 1143 3113 via
1165 3038 1374 3134 eonpignaria
1397 3039 1539 3112 extinat:
1564 3047 1598 3110 et
1621 3039 1662 3112 de
1685 3039 1750 3110 alio
1773 3039 1873 3113 laura
1891 3051 1982 3136 parte
1996 3050 2137 3136 septem·

719 3165 834 3236 trionis
858 3165 912 3235 via
935 3164 1087 3258 publiea:
1113 3164 1154 3236 de
1176 3185 1244 3236 uno
1267 3164 1373 3257 eapite
1396 3174 1488 3257 parta
1510 3163 1684 3238 occidentis
1706 3163 1761 3236 via
1774 3163 1928 3260 publica:
1955 3175 1989 3236 et
2012 3165 2054 3238 de
2071 3165 2135 3238 :lio

720 3287 825 3382 espito
858 3295 952 3380 parte
984 3285 1117 3358 orientis
1150 3295 1237 3358 terra
1260 3285 1343 3378 petri
1367 3285 1407 3358 de
1430 3283 1658 3362 calbetianum.
1682 3296 1716 3360 et
1738 3298 1772 3360 at
1794 3300 1974 3362 memorata
1997 3291 2135 3362 munda

706 3408 839 3506 'petisia
864 3409 906 3481 de
928 3420 1145 3484 memoratum
1167 3408 1422 3484 tundnccnlum:
1449 3409 1583 3484 coheret
1604 3411 1667 3484 sivi
1690 3413 1731 3486 de
1754 3435 1821 3486 uno
1844 3414 1951 3509 capite
1965 3425 2056 3512 parte
2079 3437 2137 3490 see

719 3537 924 3634 ptemtrionis
947 3539 1002 3610 via
1026 3537 1172 3634 publica:
1204 3539 1301 3612 etde
1324 3538 1391 3610 aiio
1414 3540 1523 3636 capite
1550 3550 1643 3634 parte
1666 3541 1846 3615 meridiana
1869 3552 1919 3614 est
1940 3553 2141 3616 memoratae

718 3667 787 3740 vio
809 3665 1050 3760 compignaria:
1076 3667 1118 3740 de
1140 3666 1332 3743 une'latere
1355 3674 1446 3760 parte
1469 3666 1666 3741 hoccidentis
1690 3677 1775 3740 terra
1798 3669 1970 3742 memorati
1993 3670 2135 3765 petride

718 3791 956 3865 calbetianum:
982 3801 1015 3866 et
1038 3795 1080 3868 de
1104 3793 1170 3866 alio
1192 3793 1292 3866 latere
1313 3804 1406 3890 parts
1429 3795 1563 3868 orientis
1586 3804 1673 3868 terra
1695 3798 1868 3870 memorati
1891 3799 1975 3893 petri
1998 3799 2039 3873 de
2062 3800 2136 3872 aas·

718 3919 909 3992 betianum:
945 3921 987 3991 de
1020 3943 1085 4016 qrra
1115 3920 1198 3993 nihii
1228 3920 1323 3992 nohis
1345 3922 1463 3995 exinde
1485 3923 1618 4020 aliquod
1640 3924 1795 3996 remansit
1818 3937 1876 3998 aa:
1897 3927 2136 4004 reservavimus

719 4068 780 4120 nec
803 4047 839 4120 in
861 4047 980 4120 alienas
1002 4071 1154 4142 personas
1177 4049 1400 4122 commisimus
1423 4059 1480 4123 aut
1503 4051 1569 4122 iam
1593 4051 1825 4126 committimus
1846 4062 2025 4148 poam:
2059 4064 2093 4126 et
2116 4079 2135 4126 a

719 4167 862 4264 presenti
895 4171 948 4241 die
977 4181 1011 4241 et
1038 4172 1187 4266 deinceps
1218 4171 1383 4246 iamdictus
1406 4182 1600 4244 memoratas
1622 4173 1700 4246 dues
1723 4174 1856 4270 petioles
1878 4175 1919 4248 ds
1942 4185 2136 4250 memoratas

719 4295 931 4368 tunduocula:
958 4307 996 4368 nt
1019 4321 1116 4394 super
1138 4300 1258 4394 legitur
1281 4324 1300 4371 a
1323 4299 1416 4372 nobis
1440 4299 1501 4372 tibi
1524 4301 1566 4374 sit
1588 4311 1801 4375 commutatas
1823 4309 1857 4374 et
1879 4301 2012 4376 traditu
2027 4303 2062 4376 in
2078 4313 2133 4376 tua

718 4421 872 4517 tuisque:
897 4419 1069 4494 heredibus
1083 4424 1125 4496 sit
1138 4433 1293 4520 potestate
1315 4447 1446 4521 queque
1469 4424 1586 4500 exinde
1610 4423 1715 4498 iacere
1737 4424 1907 4502 volueritis
1922 4428 2024 4502 libera
2047 4451 2133 4503 sem-

656 4611 663 4626 ,
717 4568 777 4641 per
802 4545 921 4620 abeatis
937 4558 1109 4644 potestate:
1122 4523 1165 4654 et
1175 4575 1280 4647 neque
1297 4575 1316 4620 a
1332 4551 1425 4622 nobis
1440 4559 1656 4624 memoratum
1675 4552 1822 4648 filippum
1839 4555 1940 4628 umido
1954 4555 2131 4650 mameae:

717 4695 782 4746 una
806 4697 883 4747 eum
906 4685 1003 4748 cunta
1026 4687 1135 4750 nmtra
1162 4677 1411 4773 congregatione
1434 4677 1669 4752 monachorum
1693 4683 1864 4754 memorati
1886 4683 1989 4758 saneti
2013 4693 2046 4756 et
2071 4706 2136 4756 ve-

561 4841 564 4846 ·
718 4801 870 4874 nerabilis
893 4806 1010 4876 nostris
1033 4805 1236 4878 manasterii:
1260 4826 1365 4900 neque
1389 4829 1408 4874 a
1431 4805 1568 4900 posteris
1591 4805 1707 4878 nostris
1731 4829 1792 4879 nec
1814 4832 1834 4878 a
1857 4820 2037 4883 memorato
2053 4831 2134 4887 sana

718 4935 771 4999 cto
797 4937 830 5000 et
853 4930 1028 5004 venerabili
1058 4941 1168 5004 nostro
1201 4933 1397 5005 monasterio
1427 4933 1481 5006 vel
1509 4956 1528 5001 a
1554 4931 1647 5006 nobis
1671 4933 1815 5028 personis
1838 4935 2017 5010 summissis
2041 4935 2132 5016 nuta
