4906 6520
1394 533 1538 724 (aar)

1406 919 1536 991 CCLlll.

1363 1171 1489 1244 Christe
1512 1171 1596 1242 lave.

650 1454 708 1499 an.
866 1427 897 1522 †
922 1425 958 1495 ln
980 1421 1111 1494 nomine
1134 1419 1258 1492 domini
1282 1417 1335 1489 dei
1358 1417 1526 1488 saluatoris
1550 1415 1652 1487 nostri
1675 1415 1770 1488 lhcau
1785 1415 1905 1490 Christi
1921 1419 2104 1513 imperante
2120 1423 2180 1494 do·

638 1565 724 1626 9⁹7.
772 1548 865 1619 mino
889 1557 1000 1618 nostro
1023 1543 1137 1616 basilio
1159 1542 1282 1634 magno
1302 1543 1500 1634 imperatore
1517 1561 1602 1608 anno
1614 1538 1778 1633 tricesimo
1794 1540 1951 1632 septimo:
1974 1543 2031 1614 ced
2048 1555 2080 1614 ct
2097 1567 2180 1614 eon·

775 1672 915 1742 :tantino
939 1690 1058 1763 magno
1080 1667 1277 1758 imperatore
1300 1662 1572 1733 annottriceuimo
1596 1672 1713 1758 quarto
1728 1661 1780 1732 dic
1796 1661 1949 1732 vicesima
1974 1665 2093 1736 menei:
2109 1665 2180 1734 iulii

777 1796 952 1868 indictione
975 1795 1099 1864 decima
1122 1788 1269 1883 neapoli:
1293 1787 1362 1860 visi
1378 1809 1507 1883 nanque
1522 1787 1584 1860 luit
1599 1809 1661 1880 ego
1678 1786 1833 1858 iohanne:
1849 1787 1948 1858 nmile
1968 1787 2178 1880 presbiterum

780 1933 812 1993 et
835 1920 1084 1991 ecclesiasticum
1118 1923 1225 1984 sancte
1248 1913 1449 2004 neapolitano
1473 1911 1605 1983 ecclesie
1628 1937 1686 1984 seu
1709 1913 1895 2005 primicerio
1918 1924 1950 1984 ct
1973 1915 2182 2006 protoluetrio

780 2044 925 2114 chartule
948 2040 1050 2111 macti
1073 2037 1230 2131 cipriani:
1253 2059 1317 2108 una
1340 2056 1415 2108 cum
1437 2051 1549 2132 cunm:
1564 2049 1740 2109 memorata
1757 2047 1864 2108 sancta
1880 2049 1912 2109 et
1928 2039 2102 2108 venerabuli
2119 2061 2188 2108 no·

782 2179 847 2238 stra
870 2167 1119 2260 congregatione
1142 2163 1344 2234 sacerdotum
1367 2161 1514 2235 chartule
1538 2165 1670 2235 ecclesie
1694 2166 1794 2234 sancti
1819 2163 1952 2256 cipriani
1967 2165 2071 2234 lacere
2088 2163 2187 2234 char-

784 2293 887 2364 tulam
910 2289 1136 2384 pactenationiu
1157 2314 1177 2360 a
1199 2289 1332 2383 quidem
1355 2287 1628 2362 leone'carulictn
1652 2287 1719 2358 filio
1742 2286 1907 2382 quondum
1925 2287 2048 2356 boniet
2065 2295 2097 2354 at
2115 2309 2191 2379 gro-

785 2417 880 2510 gorio
903 2415 1056 2484 eurulicto
1080 2403 1155 2483 filio
1171 2413 1332 2506 quondam
1357 2409 1505 2483 iohanni:
1529 2414 1632 2484 de...
1818 2411 1971 2482 ....hoc
1993 2419 2041 2480 eet
2064 2408 2134 2480 thio
2158 2419 2191 2480 et
2424 2413 2425 2508 l

786 2551 916 2634 nepotes
939 2551 973 2612 ct
995 2539 1203 2612 abitatorihua
1226 2539 1262 2610 in
1285 2539 1500 2612 canhranum.
1513 2585 1524 2609 .
1537 2587 1547 2608 .
1560 2587 1571 2614 ,.
1585 2589 1594 2608 .
1609 2589 1617 2606 .
1633 2538 1774 2630 .integnu
1795 2559 1860 2608 una
1883 2547 1969 2608 terra
1994 2559 2060 2630 que
2093 2535 2194 2608 diviua
2424 2515 2425 2518 ¹

789 2663 861 2732 rhet
892 2669 1071 2731 memorata
1103 2659 1247 2730 chartula
1270 2663 1370 2731 tancti
1393 2658 1541 2752 cipriani:
1573 2681 1649 2730 cum
1672 2659 1866 2730 monasterio
1890 2668 2075 2728 unctorum
2099 2657 2194 2750 sergii

791 2797 824 2855 et
846 2785 940 2854 bachi
964 2785 1020 2880 qui
1046 2806 1132 2856 nunc
1158 2793 1369 2878 congregatur
1394 2808 1429 2856 ea
1452 2784 1488 2854 in
1512 2782 1704 2856 monasterio
1728 2793 1909 2854 sanctorum
1934 2783 2081 2854 theodori
2098 2793 2131 2852 et
2145 2805 2196 2852 ae·

790 2909 924 2979 haetiani
947 2909 1005 3002 qui
1028 2909 1206 3002 appellatur
1228 2909 1384 3001 casapicta
1406 2909 1504 2978 situm
1528 2909 1563 2978 in
1586 2905 1790 2978 viridiarium
1816 2907 1872 2976 uhi
1896 2916 1933 2976 tu
1957 2905 2107 2976 videlicet
2130 2906 2196 2976 do-

648 3009 650 3014 ·
790 3031 915 3101 minum
939 3031 1085 3126 filippum
1109 3029 1290 3100 venerabile
1313 3032 1466 3122 igumeno
1488 3029 1646 3123 regimem
1670 3051 1738 3099 esse
1761 3027 1899 3098 videris:
1925 3037 1957 3098 et
1972 3027 2049 3122 quia
2065 3028 2197 3097 venisti:

790 3163 828 3222 tu
850 3162 1028 3224 memorato
1050 3151 1183 3220 domiuo
1207 3151 1354 3244 filippum
1378 3151 1558 3222 venerabile
1582 3148 1753 3242 igumeno:
1777 3158 1810 3220 et
1832 3148 1981 3244 qneahtia
2000 3171 2053 3220 mc
2069 3157 2107 3218 ut
2130 3149 2198 3240 ipsa

794 3278 937 3347 chartula
945 3324 1213 3347 ............
1221 3299 1261 3347 eo
1283 3276 1372 3368 qnod
1393 3276 1462 3367 ipsa
1484 3287 1569 3347 terra
1591 3299 1655 3369 que
1677 3275 1777 3346 divisa
1795 3275 1926 3346 ahenum
1949 3297 2007 3367 per
2028 3273 2194 3345 notitiam:

730 3495 734 3502 Ι
794 3411 827 3470 ot
850 3423 908 3492 per
932 3400 998 3492 ipsa
1022 3399 1166 3471 chartula
1198 3399 1423 3493 pastenationie
1454 3401 1530 3474 lecit
1551 3411 1727 3472 memorata
1751 3409 1836 3471 terra
1858 3401 1989 3493 propria
2011 3399 2052 3469 de
2075 3421 2198 3470 memo-

794 3531 862 3590 rata
878 3520 1022 3592 chartula
1039 3533 1146 3592 noatra
1163 3522 1263 3592 saneti
1278 3522 1413 3615 cipriani
1429 3524 1526 3592 etiam
1542 3523 1609 3616 ipsu
1625 3522 1770 3594 chartula
1784 3533 1875 3616 atput
1889 3545 1941 3594 me
1954 3532 2081 3594 canera
2097 3523 2197 3592 obeo:

796 3647 933 3740 ideoque
957 3657 989 3716 et
1012 3669 1074 3738 ego
1097 3670 1154 3740 per
1177 3671 1236 3718 ane
1259 3637 1439 3719 chartulam
1461 3649 1657 3740 repromicto
1681 3649 1773 3720 vobis
1796 3659 1975 3746 memorato
1999 3647 2133 3720 domino
2154 3647 2200 3718 li-

796 3768 920 3862 lippu‘m
944 3769 1125 3839 venerabile
1149 3769 1311 3862 igumeno.
1335 3779 1368 3842 et
1390 3779 1423 3840 at
1438 3779 1548 3840 cunas
1563 3771 1808 3864 congregatione
1824 3769 2056 3840 monachornm
2070 3789 2201 3840 merno-

797 3895 860 3964 rati
883 3895 984 3965 nancti
1008 3906 1040 3965 et
1063 3895 1254 3966 venerahilis
1277 3896 1375 3967 vestri
1398 3897 1600 3966 monasterii:
1627 3895 1704 3990 quia
1727 3919 1861 3990 nunqua
1883 3896 2132 3990 preeummimua
2147 3916 2207 3966 not
2237 3961 2253 3969 -

798 4030 831 4088 at
845 4021 980 4112 posteri:
995 4020 1112 4089 nostris
1127 4043 1185 4091 nee
1203 4021 1353 4091 abeamus
1369 4021 1531 4092 licentiam
1546 4020 1719 4115 aliquando
1735 4033 1879 4115 tempore
1892 4020 1986 4092 vobi:
2001 4020 2199 4113 vestrisque:

798 4147 933 4235 pontem
966 4145 1133 4216 ostendere
1165 4157 1220 4218 aut
1251 4157 1415 4238 moatrare
1442 4161 1618 4218 mcmorata
1646 4147 1791 4218 chartula
1824 4171 1888 4242 que
1918 4169 1978 4218 noa
2009 4147 2145 4218 lecimus
2171 4155 2220 4226 at!

801 4268 972 4337 memorati
994 4267 1079 4337 thina
1102 4279 1136 4339 ot
1158 4279 1288 4362 nepotes
1311 4279 1368 4340 aut
1390 4269 1468 4339 alias
1491 4270 1635 4364 qualibet
1658 4269 1819 4340 chartula:
1849 4293 1913 4364 que
1937 4293 1996 4342 noe
2018 4272 2133 4342 exinde
2160 4271 2208 4342 lo·

801 4393 954 4478 cienemue
977 4403 1032 4460 aut
1056 4417 1114 4466 nos
1129 4397 1407 4484 atpreensiseemus
1422 4419 1479 4488 per
1493 4395 1617 4464 nullum
1636 4397 1767 4466 modum
1784 4421 1842 4468 nec
1858 4419 1915 4489 par
1933 4396 2109 4474 cummiani:
2128 4419 2208 4489 per-

802 4514 890 4582 eonia
912 4535 932 4580 a
955 4534 1041 4582 nunc
1057 4525 1089 4583 et
1104 4516 1300 4606 inperpetuis
1315 4517 1536 4608 temporibus:
1565 4531 1612 4587 set
1636 4519 1725 4588 omni
1745 4530 1889 4612 ternpore
1904 4519 1971 4611 iper
1986 4517 2133 4591 chamnla
2146 4521 2206 4594 nar

803 4651 919 4732 ruppta
943 4649 976 4711 et
998 4639 1170 4732 baccea-et
1192 4639 1281 4710 nulla
1303 4643 1338 4712 in
1361 4665 1397 4714 rc
1421 4643 1514 4713 cheat
1521 4695 1624 4714 .....
1641 4647 1798 4716 firmitatis
1822 4669 1880 4738 per
1904 4647 2031 4716 nullum
2054 4646 2207 4716 modun:

803 4773 851 4834 aet
874 4765 901 4832 ri
924 4762 1067 4858 qualibet
1089 4763 1234 4834 chartula
1256 4764 1401 4838 intentu
1424 4767 1549 4838 dederis
1573 4769 1660 4862 quod
1675 4790 1734 4839 nus
1749 4769 1866 4842 exinde
1883 4769 2068 4840 leciacemns
2081 4769 2122 4838 de
2139 4790 2208 4836 me

805 4897 928 4958 morata
953 4897 1038 4957 terra
1061 4897 1171 4958 nostra
1194 4899 1227 4960 et
1249 4899 1358 4964 nostra
1382 4900 1474 4985 atput
1496 4892 1610 4988 quahis
1633 4896 1777 4985 personis
1800 4893 1870 4964 :ive
1885 4892 1925 4967 te
1945 4902 2037 4966 numa
2051 4891 2105 4963 vel
2119 4901 2212 4990 port-
