4906 6520
1406 605 1419 704 (
1446 615 1512 680 114
1535 605 1548 701 )

758 766 930 840 heredibus
954 766 1072 838 nostris
1096 765 1156 836 tibi
1180 765 1307 858 tuisque
1321 763 1496 836 heredibus
1510 763 1629 834 exindo
1645 765 1686 834 ab
1701 763 1792 834 omni
1807 765 1918 836 omine
1934 767 2094 862 omnique
2108 793 2183 864 psr-

759 913 854 962 sonas
877 891 913 962 in
936 890 1088 962 omnibus
1111 898 1268 960 antestare
1291 896 1324 958 et
1347 889 1512 960 dcicnsure
1535 887 1708 958 debeamus
1730 895 1865 980 propter
1888 889 1978 981 quod
2000 893 2184 986 accepimus

758 1043 777 1088 a
801 1031 833 1092 te
857 1020 974 1091 exinde
996 1019 1032 1090 in
1056 1018 1211 1110 presentis
1236 1017 1270 1087 in
1294 1037 1425 1086 omnem
1457 1013 1620 1086 decisione
1650 1037 1708 1084 seu
1741 1013 1972 1086 deliberatione
2002 1019 2087 1090 idest
2110 1024 2182 1094 suri

757 1148 820 1218 tari
852 1147 972 1240 viginti
1004 1153 1070 1216 tros
1102 1144 1186 1216 sicut
1219 1144 1304 1214 inter
1318 1141 1421 1213 'uobis
1437 1141 1627 1242 ¹combenit:
1655 1140 1691 1210 Si
1713 1149 1824 1212 autem
1848 1163 1909 1214 nos
1932 1151 1988 1214 aut
2010 1143 2181 1220 herodibsrs

759 1271 876 1344 nosbis
899 1269 1016 1363 quobis
1038 1277 1186 1361 tempore
1209 1275 1321 1337 conus
1346 1287 1407 1334 anc
1429 1263 1582 1335 wadia
1598 1264 1794 1336 venditionis
1818 1273 1856 1338 ut
1879 1287 1977 1362 super
1991 1267 2111 1362 iegitur
2123 1271 2182 1344 bs-

757 1400 828 1470 nire
862 1391 1130 1490 presumserinsus
1163 1401 1197 1464 et
1227 1391 1263 1464 iu
1287 1389 1404 1486 aliquis
1427 1390 1542 1463 odensi
1565 1389 1724 1464 fuerimus
1746 1413 1805 1486 per
1827 1390 1945 1487 quobis
1966 1392 2103 1466 niodum
2127 1409 2183 1470 aut

756 1521 935 1596 summissis
958 1519 1105 1615 personis
1138 1530 1216 1592 tunc
1239 1518 1465 1613 componimus
1496 1541 1557 1590 nos
1580 1527 1614 1589 et
1635 1518 1808 1592 heredibus
1828 1521 1948 1594 nostris
1971 1520 2033 1594 tibi
2054 1523 2183 1619 tuisque

758 1644 932 1718 berodffins
956 1645 1028 1716 ausi
1053 1643 1172 1716 solidos
1195 1641 1314 1738 viginti
1337 1643 1500 1736 quantuor
1522 1641 1728 1737 bytbinnteos
1744 1654 1778 1716 et
1791 1643 1852 1718 hec
1875 1644 2022 1718 chuuu
2036 1657 2074 1718 ut
2087 1669 2181 1742 supe

756 1769 876 1864 legitur
898 1769 941 1840 sit
965 1770 1059 1840 firme
1081 1767 1200 1860 scripta
1224 1789 1284 1862 per
1307 1789 1422 1837 manus
1447 1767 1531 1860 petri
1554 1767 1686 1840 curiatis
1708 1791 1767 1864 per
1790 1777 1969 1840 memorata
1992 1779 2107 1868 quartu
2131 1771 2181 1842 in·

759 1898 902 1969 dictione
925 1893 956 1988 †

855 2022 928 2090 Hoc
951 2020 1080 2113 siguum
1103 2020 1135 2116 †
1159 2043 1276 2094 manus
1306 2029 1486 2094 memorata
1517 2021 1617 2094 drosu
1649 2030 1683 2092 et
1707 2019 1857 2094 iohannis
1880 2023 2034 2118 genitrice
2058 2033 2092 2095 et
2114 2024 2182 2097 titio

759 2148 849 2242 quod
873 2167 936 2241 ego
961 2149 1020 2242 qui
1044 2156 1241 2221 mosnorstos
1263 2147 1305 2220 ab
1328 2149 1376 2221 eis
1398 2155 1532 2244 rogatus
1554 2171 1617 2244 pro
1634 2149 1682 2223 uis
1695 2150 1870 2244 subscripsi
1886 2159 1919 2221 et
1933 2151 2181 2224 munusturi

662 2253 665 2260 “
759 2271 892 2344 muso
915 2271 983 2343 siu
1007 2273 1038 2368 †

854 2395 886 2490 †
909 2413 973 2488 ogo
1005 2397 1162 2468 iohannes
1193 2401 1332 2496 scriptor
1364 2413 1497 2496 rogatus
1528 2425 1548 2472 a
1571 2411 1750 2474 memorata
1781 2401 1939 2498 genitrioe
1962 2411 1995 2474 ot
2016 2403 2085 2476 diio
2109 2405 2181 2474 oesti

759 2520 933 2614 subscripsi
958 2531 991 2592 et
1014 2524 1187 2594 memorati
1210 2527 1273 2596 tsri
1298 2527 1434 2600 traditos
1458 2525 1582 2621 vidi†

855 2644 886 2740 †
912 2671 974 2741 ogo
998 2645 1155 2720 iohannes
1181 2651 1266 2723 iilius
1289 2654 1414 2725 domini
1438 2653 1583 2748 gregorii
1606 2663 1738 2748 rogatus
1753 2683 1771 2727 a
1787 2658 2003 2753 suprascsipta
2025 2660 2181 2754 gcniuice

763 2780 796 2840 et
819 2768 887 2844 tilio
911 2774 984 2844 testi
1008 2773 1180 2869 subscripsi
1204 2785 1237 2846 et
1260 2779 1469 2873 suprascripti
1492 2779 1554 2850 turi
1578 2781 1711 2853 cadius
1734 2777 1851 2874 bidi†

856 2895 887 2990 †
910 2921 971 2992 ego
993 2901 1148 2974 iohannes
1172 2901 1258 2974 tilius
1281 2903 1406 2975 donnini
1429 2904 1513 2998 petri
1535 2914 1668 3000 rogatus
1691 2929 1710 2975 a
1733 2908 1946 3003 suprascripta
1969 2911 2125 3004 genitrice
2147 2919 2180 2981 et

761 3019 828 3092 filio
853 3021 927 3091 testi
950 3023 1124 3118 subscripsi
1148 3037 1181 3097 ct
1204 3027 1414 3122 suprascripti
1437 3029 1499 3100 uri
1522 3030 1656 3103 unditus
1679 3029 1746 3104 bidi
1770 3030 1801 3128 †

857 3148 886 3242 †
912 3151 984 3240 Ego
1007 3159 1117 3242 potrus
1140 3152 1279 3226 Coriolis
1301 3153 1472 3250 Compievi
1501 3165 1535 3228 et
1557 3155 1679 3228 ubsolsd
1703 3176 1762 3254 per
1784 3169 1962 3232 memorata
1986 3169 2100 3257 quarta
2122 3163 2181 3232 in-

761 3275 902 3346 dictione
926 3275 954 3372 †
