4906 6520
928 653 1071 752 (roo)

908 944 1100 1016 CCXLVIII.

326 1195 331 1204 '
383 1191 474 1284 †ln
496 1191 628 1264 nomine
652 1189 776 1262 domini
794 1192 1042 1284 ¹quartodecimo
1065 1217 1151 1268 anuo
1165 1195 1363 1290 principatus
1385 1197 1510 1272 domini
1524 1201 1625 1273 nostri
1640 1203 1700 1274 lo-
1765 1246 1821 1294 m,

288 1314 386 1390 bruni
402 1323 436 1384 et
450 1313 564 1384 octubo
580 1335 666 1383 anno
682 1312 878 1406 principatus
892 1314 1015 1384 domiui
1030 1315 1202 1408 guaimarii
1217 1319 1287 1390 eius
1299 1319 1367 1390 tilio
1382 1319 1530 1413 gloriosis
1544 1325 1700 1418 principi·
1720 1378 1723 1386 ,
1750 1355 1834 1417 097.

288 1439 348 1512 bus
367 1459 475 1512 meuse
496 1439 659 1511 ianuarias
672 1437 796 1512 decima
811 1437 986 1520 indictione
1002 1440 1268 1514 memoratorium
1282 1444 1401 1514 iactum
1417 1469 1436 1514 a
1451 1467 1503 1516 mc
1519 1445 1699 1538 iadelpran-

287 1567 349 1638 dus
362 1563 528 1659 presbyter
543 1574 575 1636 et
586 1565 682 1636 ebbcs
693 1565 826 1636 ecclesie
840 1567 940 1636 suncti
953 1563 1055 1638 felicis
1069 1565 1127 1660 qui
1139 1567 1322 1640 edificatum
1337 1577 1385 1641 est
1396 1569 1431 1640 in
1446 1570 1566 1640 bertioe
1579 1575 1697 1643 montis

288 1693 327 1764 de
349 1693 435 1764 intus
459 1714 516 1762 ene
539 1692 728 1764 salernitana
750 1691 913 1762 oibitatem
929 1713 1001 1760 ‘unu
1023 1711 1152 1761 mecum
1167 1694 1290 1762 adesset
1303 1695 1488 1766 ademariuo
1508 1697 1697 1767 adbocatore

287 1812 389 1904 ipsius
412 1811 543 1882 ecclesie
566 1835 606 1884 eo
630 1813 718 1906 quod
741 1823 815 1882 unte
838 1809 1007 1902 subscripti
1030 1819 1126 1881 testes
1149 1811 1423 1914 combenieutibus
1446 1816 1549 1886 uobis.
1573 1817 1695 1887 iohan-

285 1959 341 2010 ues
365 1938 450 2010 filim
474 1940 638 2032 quondam
661 1939 798 2032 iaquinti
822 1946 953 2032 propter
976 1939 1067 2030 quod
1090 1936 1147 2007 ille
1169 1937 1298 2008 remisit
1320 1939 1362 2007 ad
1382 1947 1572 2030 potestatem
1588 1962 1694 2012 meam

285 2061 411 2134 duobus
434 2063 628 2154 applicatoru
652 2065 692 2134 de
716 2085 797 2134 casu.
822 2083 920 2157 quem
944 2063 998 2133 ille
1022 2062 1201 2134 edificatam
1226 2063 1298 2134 abet
1321 2064 1356 2134 in
1374 2071 1457 2135 terra
1480 2064 1692 2155 pertinentem

284 2185 385 2276 ipsius
408 2181 548 2253 ecclesie.
573 2183 613 2253 de
636 2185 723 2256 intus
745 2184 828 2254 hauc
850 2184 1075 2256 salernitanam
1097 2185 1261 2256 cibitutem
1284 2209 1304 2254 a
1326 2207 1423 2276 super
1445 2185 1514 2276 ipsa
1535 2184 1638 2277 pulmo
1662 2195 1695 2257 et

284 2329 303 2374 a
326 2308 439 2378 subtus
461 2308 593 2380 ecclesie
616 2311 716 2378 sancti
741 2306 845 2378 auelli.
863 2307 1076 2399 pertinentem
1095 2307 1196 2400 ipsius
1211 2303 1351 2376 eeclesie.
1367 2305 1402 2376 in
1416 2314 1499 2378 terra
1518 2330 1615 2402 quem
1631 2331 1692 2400 ego

293 2478 494 2504 .........
503 2431 542 2502 ad
565 2455 637 2502 casu
659 2431 840 2504 laciendum
863 2431 970 2502 datam
994 2430 1086 2502 obeo
1110 2451 1176 2500 uua
1195 2451 1270 2502 curu
1292 2430 1371 2522 ipso.
1396 2427 1633 2501 adbocatorem.
1659 2439 1691 2502 et

283 2567 332 2627 est
353 2580 412 2650 por
435 2558 597 2630 mensuris
622 2558 790 2650 longitudo
821 2557 927 2650 pedes¹
951 2556 1083 2627 sideoim
1107 2567 1140 2628 et
1163 2554 1298 2628 latitudo
1321 2557 1416 2648 pedes
1439 2557 1624 2650 quindecim
1648 2558 1687 2626 ad

283 2682 364 2752 iusta
389 2702 522 2751 manum
546 2681 650 2754 omini
672 2689 914 2750 mensuratum:
939 2688 976 2752 ut
999 2681 1116 2752 amodo
1139 2692 1173 2752 et
1188 2703 1313 2774 semper
1337 2701 1410 2774 pers
1433 2682 1533 2776 ipsius
1557 2681 1688 2754 ecclesie

283 2807 417 2898 eiusque
447 2815 602 2878 rectores.
637 2805 710 2874 illut
741 2805 902 2895 abendam
934 2806 1164 2879 dominandum
1203 2807 1429 2898 possidendum
1466 2808 1575 2879 omnia
1611 2808 1686 2878 iude

284 2930 463 3000 laciendum
495 2931 583 3024 quod
612 2927 811 2999 boluerimus
834 2927 903 2998 sine
926 2928 1013 3000 illius
1036 2939 1068 3000 et
1091 2930 1132 2999 de
1160 2929 1231 3001 eius
1254 2931 1363 3000 eredes
1386 2931 1611 3001 contrarietate
1635 2931 1688 3000 vel

282 3058 493 3150 requisitione
516 3066 549 3128 et
572 3044 634 3148 egb
657 3079 714 3150 per
738 3055 843 3126 taliter
867 3079 994 3148 unaque
1017 3078 1092 3127 cum
1117 3059 1188 3150 ipso
1212 3059 1435 3128 adbocatorem
1457 3059 1600 3151 predicte
1625 3079 1686 3127 ec-

282 3181 378 3252 clesie
401 3203 458 3274 per
474 3179 559 3252 bonu
574 3179 808 3250 combeuieutia
824 3180 1012 3250 tradidimus
1027 3182 1069 3250 ed
1084 3189 1237 3270 potestate
1251 3181 1386 3272 predicti
1409 3181 1540 3251 iohanni
1559 3183 1600 3252 de
1616 3183 1684 3275 ipsa

282 3316 366 3380 terro
390 3305 489 3377 bacua
512 3305 654 3396 predicte
669 3302 801 3372 ecclesie
818 3302 928 3395 ibique
943 3303 1093 3373 coniuntu
1110 3303 1303 3394 inpartibus
1326 3303 1459 3374 orientis
1475 3303 1531 3372 ubi
1546 3329 1565 3373 u
1582 3305 1685 3374 tribus

281 3431 475 3524 applicatora
499 3433 604 3501 lucere
627 3437 765 3521 possunt.
788 3449 846 3520 per
868 3426 1032 3496 mensoria
1049 3427 1089 3495 de
1111 3426 1280 3518 longitudo
1302 3429 1398 3518 pedes
1410 3427 1527 3520 bigiuti
1547 3439 1685 3521 quatuor

281 3566 314 3623 et
337 3557 376 3625 de
400 3532 541 3625 latitudo·
558 3553 654 3646 pedes
678 3549 861 3644 quindecim
878 3549 918 3619 ad
932 3549 1015 3619 iustu
1030 3569 1162 3618 manum
1185 3547 1288 3618 omini
1312 3561 1531 3619 memmatum
1547 3551 1683 3622 eoniuu·

282 3689 351 3750 tum
374 3680 415 3751 de
437 3701 501 3750 una
524 3701 624 3770 pars:
651 3678 691 3747 ad
714 3677 783 3769 ipsa
806 3677 869 3746 dua
901 3673 1074 3766 applictora
1103 3684 1135 3742 ct
1159 3671 1198 3742 de
1222 3672 1283 3742 alie
1305 3673 1406 3764 pertis
1430 3674 1469 3742 sd
1492 3675 1555 3744 tine
1582 3676 1683 3767 ipsius

282 3805 414 3876 ecclesie
436 3816 469 3873 et
491 3802 593 3872 licead
626 3801 680 3870 ille
708 3801 833 3872 eteius
866 3799 976 3870 eredes
1000 3805 1032 3867 et
1054 3796 1177 3866 omines
1205 3818 1303 3890 quem
1325 3795 1444 3868 ibidem
1452 3845 1554 3867 .....
1562 3807 1594 3868 et
1617 3801 1683 3870 suis

282 3929 431 4002 credibus
454 3929 489 3998 iu
512 3927 654 4019 predicta
678 3935 762 3994 terra
785 3925 867 3995 intra
891 3924 1032 4016 predicte
1053 3923 1135 3994 finis.
1160 3932 1193 3992 et
1214 3921 1376 3994 mensurie
1383 3971 1509 3994 ......
1517 3931 1549 3992 et
1573 3945 1683 3994 omues

283 4079 340 4128 sue
364 4052 509 4126 utilitatis
533 4050 651 4121 ibidem
676 4051 781 4120 tacere
805 4057 838 4119 et
861 4047 964 4118 tribus
989 4045 1182 4139 applicatoru
1194 4091 1556 4116 ................
1564 4045 1683 4144 ibidem

283 4180 467 4251 edificarent
489 4178 606 4248 amodo
629 4185 662 4245 et
684 4196 787 4267 usque
811 4172 893 4243 duos
918 4171 992 4239 unni
1016 4168 1166 4264 complcti
1189 4169 1308 4241 ibidem
1315 4215 1419 4240 .....
1442 4177 1475 4240 et
1497 4169 1626 4242 abitare.
1650 4179 1684 4242 et

175 4335 186 4355 ο
283 4303 387 4372 omnis
410 4324 466 4371 sua
490 4299 627 4370 utilitate
651 4295 771 4367 ibidem
793 4295 899 4366 iacere
922 4293 985 4364 illis
1009 4302 1041 4362 et
1064 4293 1223 4364 ominibus
1246 4315 1343 4386 quem
1358 4292 1405 4364 ibi
1425 4293 1571 4364 miserint
1594 4302 1627 4364 et
1649 4296 1684 4366 iu

283 4437 374 4497 antee
398 4425 489 4496 omui
511 4433 664 4513 tempore.
688 4419 742 4490 ille
766 4425 798 4489 et
820 4416 982 4486 ominibus
1005 4439 1105 4510 quam
1127 4415 1247 4486 ibidem
1270 4414 1414 4486 miserint
1435 4425 1468 4487 et
1490 4417 1556 4488 suis
1578 4417 1684 4488 eredi-

281 4551 341 4619 bus
365 4571 421 4618 sue
444 4542 605 4638 potestatis
628 4542 700 4610 illos
722 4541 826 4614 ubere.
850 4551 882 4611 et
904 4538 1079 4608 dominare.
1103 4546 1136 4608 et
1150 4537 1254 4608 omnis
1269 4559 1326 4608 sue
1341 4539 1485 4610 utilitatis
1499 4539 1618 4612 ibidem
1634 4542 1683 4610 fa·

283 4697 364 4744 cere.
389 4681 513 4742 tautum
536 4669 564 4738 si
588 4669 627 4738 ad
650 4664 819 4758 completi:
844 4664 904 4756 ipsi
928 4663 1053 4734 duobus
1077 4661 1171 4730 enni:
1201 4659 1258 4730 ubi
1283 4681 1342 4730 uos
1365 4659 1480 4731 exinde
1503 4660 1584 4730 scire
1607 4661 1682 4731 iecit

282 4801 335 4869 ille
362 4807 393 4868 et
416 4815 492 4862 suos
515 4792 633 4861 eredes.
657 4797 689 4861 et
712 4788 873 4859 bolucriut
895 4807 980 4878 ego:
1006 4795 1039 4854 et
1060 4805 1134 4876 pars
1157 4783 1258 4877 ipsius
1281 4783 1411 4852 ecclesie
1434 4783 1474 4852 de
1490 4784 1558 4877 ipsa
1581 4784 1683 4856 tribus

283 4924 475 5020 applicatora
498 4918 610 4990 tollere
633 4917 697 4987 dua
721 4917 855 4986 adunata
872 4911 966 5008 quale
981 4911 1189 4983 boluerimus.
1213 4933 1272 5002 por
1286 4909 1446 5018 mensuris
1462 4911 1501 4982 de
1515 4910 1683 5006 longitudo
