4876 6520
303 1156 308 1174 ·
394 1123 491 1218 †ln
523 1120 658 1194 nomine
683 1119 812 1194 domini
839 1120 894 1192 dei
922 1121 1095 1193 salvatoris
1126 1119 1232 1193 nostri
1260 1119 1359 1190 lhesn
1388 1116 1516 1190 Christi
1540 1121 1725 1216 imperante
1790 1165 1847 1215 an,

303 1250 437 1322 domino
452 1257 564 1321 nostro
577 1248 692 1320 basilio
707 1269 829 1342 magno
843 1248 1041 1342 Imperatore
1060 1269 1145 1317 anno
1167 1245 1323 1318 vicesimo
1337 1243 1487 1318 hoctabo.
1510 1250 1566 1321 sed
1589 1259 1621 1320 et
1644 1273 1724 1322 cons
1773 1277 1861 1343 987·

301 1377 442 1449 stantino
464 1400 585 1472 magno
607 1379 803 1471 imperatore
827 1397 913 1446 anno
935 1375 1091 1448 vicesimo
1113 1373 1239 1468 quinto.
1264 1372 1317 1446 die
1340 1373 1503 1446 tricesima
1526 1378 1646 1448 mensis
1670 1401 1722 1450 se-

301 1501 456 1594 ptembrii
470 1501 647 1574 indictione
661 1501 768 1593 prima
782 1499 920 1591 neapoli.
944 1499 1077 1570 Certum
1092 1503 1140 1567 est
1152 1519 1207 1566 me
1223 1503 1316 1587 petro
1331 1495 1458 1568 liolario
1473 1499 1542 1570 tilio
1557 1501 1722 1595 quondam

301 1625 451 1698 iohannis
474 1626 533 1722 qui
556 1624 743 1698 nominetur
766 1624 808 1697 de
830 1623 1019 1717 adalgarda:
1056 1622 1087 1692 A
1109 1619 1250 1713 presenti
1270 1621 1322 1692 dia
1354 1623 1572 1716 promtissima
1604 1627 1723 1698 volun·

303 1751 369 1824 tate
392 1753 494 1824 offero
518 1760 551 1822 et
573 1753 667 1824 trado
690 1751 784 1822 vobis
808 1751 941 1820 domino
973 1749 1122 1841 filippum
1153 1737 1333 1821 venerabile
1357 1750 1513 1841 igumeno
1533 1751 1722 1826 monasterii

303 1883 490 1948 sanctornm
514 1876 614 1969 sergii
638 1884 671 1946 et
692 1873 789 1947 bachi
812 1878 872 1969 qui
895 1895 983 1946 nunc
998 1883 1210 1968 congregatus
1227 1897 1261 1946 ea
1275 1875 1311 1945 in
1325 1876 1526 1946 monasterio·
1540 1887 1723 1950 sanatorum

301 1994 463 2072 theodorii
486 2003 520 2065 et
539 1995 711 2070 sevastiani
726 1995 785 2091 qui
800 1993 978 2090 appellatur
992 1993 1154 2090 casapinta
1169 1995 1268 2067 sitvnn
1282 1996 1318 2066 in
1333 1995 1502 2069 viridiario
1515 2003 1549 2066 et
1564 2003 1598 2064 at
1613 2007 1726 2067 cuntes

304 2119 557 2214 congregatione
581 2119 816 2196 monachornm
840 2121 1013 2192 memorati
1036 2118 1138 2190 sancti
1153 2127 1186 2191 ot
1201 2119 1393 2194 venerahilis
1415 2120 1515 2196 vestri
1539 2124 1726 2205 monasterii

304 2253 337 2314 at
359 2245 491 2317 domino
515 2257 612 2342 petro
634 2247 820 2320 venerabile
845 2247 960 2319 abbate
991 2246 1179 2320 monasterii
1208 2255 1394 2320 sanctornm
1426 2247 1567 2320 severini
1590 2257 1624 2319 et
1647 2248 1728 2320 sossi

305 2369 363 2442 nbi
389 2393 506 2442 eorvrm
530 2371 727 2446 venerabilia
750 2375 923 2469 quiescunt
946 2395 1083 2466 corpora
1107 2381 1140 2442 et
1155 2379 1188 2444 at
1202 2377 1315 2439 cuntes
1338 2371 1589 2462 congregatione
1612 2392 1727 2442 mona-e

306 2494 443 2566 chorum
466 2499 639 2568 memorati
658 2501 759 2570 sancti
776 2508 810 2570 et
823 2497 1017 2572 venerabilis
1039 2497 1138 2568 vestri
1162 2493 1350 2564 monasterii
1366 2503 1399 2564 et
1413 2516 1547 2587 pervus
1561 2497 1641 2568 etin
1656 2519 1727 2568 me-

305 2627 431 2690 morata
453 2631 562 2692 sancta
594 2631 627 2693 et
649 2621 848 2694 venerabilia
868 2627 988 2693 ¹vestra
1011 2620 1209 2693 monasteria
1231 2621 1314 2693 idest
1338 2621 1502 2716 integrum
1524 2621 1627 2692 eade
1651 2645 1729 2694 meu

307 2749 520 2821 constitutum
543 2749 579 2820 in
601 2747 676 2820 loco
699 2750 759 2845 apri
782 2757 920 2822 vocatur
941 2747 1160 2829 marinianum
1182 2747 1315 2820 insimul
1335 2749 1423 2843 quod
1438 2757 1486 2820 est
1503 2748 1610 2842 ipsum
1626 2749 1730 2820 casale

306 2875 512 2947 nominatum
535 2875 696 2970 imprimis
719 2878 856 2950 fundum
880 2899 985 2950 unum
1018 2885 1052 2948 et
1079 2900 1144 2950 nna
1168 2876 1256 2970 petia
1279 2878 1320 2949 de
1343 2885 1431 2948 terra
1455 2899 1520 2970 que
1543 2877 1731 2946 nominetur

309 3001 424 3094 pinum
449 3023 526 3074 amn
550 3001 741 3074 intersicum
763 3025 861 3076 suum
884 3011 918 3073 et
941 3003 1004 3074 alia
1025 2997 1113 3096 petia
1137 3004 1178 3074 de
1202 3011 1288 3072 terra
1311 3024 1377 3095 que
1400 3001 1586 3072 nominatur
1609 3010 1642 3072 et
1664 3023 1731 3095 po·

307 3128 397 3200 nitur
420 3127 455 3198 in
478 3131 709 3200 marilianum:
741 3154 807 3201 una
829 3152 906 3198 cnm
930 3130 1102 3200 arvorihns
1134 3127 1310 3198 fructiferis
1333 3139 1367 3198 et
1390 3151 1467 3197 cnm
1489 3128 1637 3199 introitus
1659 3149 1733 3199 suas

309 3259 343 3322 et
367 3250 520 3321 omnibus
544 3251 608 3322 sivi
630 3249 887 3343 pertinentihnsa
913 3269 973 3322 scu
996 3251 1099 3322 offero
1115 3259 1149 3321 et
1162 3252 1257 3323 trado
1279 3249 1374 3323 vobis
1392 3263 1428 3322 et
1442 3251 1621 3323 mobilibus
1643 3252 1733 3346 qnod

309 3385 359 3451 cst
380 3379 416 3449 in
437 3375 553 3471 primis
577 3399 679 3448 conca
701 3399 767 3448 una
790 3386 824 3448 et
847 3378 1065 3449 recentarium
1089 3401 1193 3450 uuum
1217 3387 1250 3447 et
1273 3377 1401 3448 ealdara
1429 3401 1495 3449 una
1517 3387 1551 3454 et
1572 3377 1734 3471 sartagine

309 3501 395 3598 unaJ:
422 3511 456 3580 et
478 3501 715 3602 camputripido
739 3524 863 3574 unuma
887 3511 921 3572 et
943 3503 1066 3573 niseum
1090 3502 1285 3596 sconplitum
1308 3523 1414 3572 unum
1429 3511 1462 3572 et
1484 3525 1550 3573 una
1573 3504 1669 3596 guala
1694 3505 1735 3576 da

309 3629 433 3702 lectum
457 3637 659 3716 alternum:
685 3638 846 3723 quantum
862 3627 945 3700 mihi
962 3626 1085 3700 dimisit
1100 3630 1264 3722 quondam
1280 3649 1408 3722 gemma
1424 3629 1557 3720 coniugi
1579 3649 1653 3697 mea
1675 3650 1736 3722 per

312 3773 410 3829 sunm
424 3755 616 3846 dispositum
638 3754 786 3828 naturale
809 3753 976 3848 qnondam
999 3753 1124 3825 domini
1146 3753 1297 3824 iohannis
1319 3749 1473 3822 monachi
1487 3751 1556 3820 litio
1570 3751 1737 3845 quondam
1765 3789 1774 3804 ·

315 3875 440 3967 domini
463 3873 663 3966 theofilacti:
689 3876 728 3944 ln
751 3896 792 3944 eo
815 3883 928 3946 tenore
951 3883 989 3947 ut
1011 3879 1040 3946 si
1064 3899 1127 3969 ego
1150 3884 1333 3948 memorato
1355 3885 1449 3968 petro
1464 3883 1613 3946 mortuus
1635 3875 1738 3958 fueris

314 4001 384 4092 sine
406 3999 578 4094 proprium
601 3997 736 4071 heredes
767 3999 809 4071 de
831 4021 919 4094 ¹vera
950 4021 1056 4070 uxore
1084 4007 1118 4070 et
1144 4022 1212 4070 non
1236 3997 1363 4070 abnuis
1386 3997 1559 4070 heredibus
1582 3997 1641 4093 qui
1665 3998 1738 4070 illnt

314 4126 521 4200 bereditcnt:
546 4133 625 4198 turm
648 4123 800 4200 omnibns
823 4125 1065 4222 memorarunt
1087 4149 1184 4222 super
1206 4126 1329 4221 legitur
1351 4127 1387 4197 in
1410 4135 1517 4200 vestra
1540 4128 1736 4224 vestrisque:

317 4252 454 4348 posteris
477 4259 510 4322 et
533 4252 569 4323 in
590 4259 772 4324 memorata
786 4259 896 4323 sancta
910 4259 944 4322 et
958 4249 1153 4325 venerabilia
1176 4259 1282 4322 vestra
1305 4250 1500 4324 monasteria
1516 4251 1577 4322 siat
1592 4251 1737 4324 oblatum

319 4390 352 4449 et
375 4377 531 4450 traditum
554 4379 714 4476 quidquid
737 4381 855 4454 exinde
879 4382 984 4453 lacere
1007 4379 1174 4452 volueritis
1205 4387 1239 4450 et
1270 4377 1431 4450 abendune
1454 4378 1529 4450 illut
1551 4377 1587 4449 in
1609 4379 1737 4474 sempi-

319 4509 470 4575 temnm:
497 4505 689 4576 tantumodo
711 4527 779 4576 non
803 4503 896 4576 abeat
918 4505 1047 4576 lieentia
1063 4526 1125 4598 ego
1141 4512 1196 4574 aut
1210 4501 1381 4575 heredibus
1395 4503 1477 4578 meis
1493 4503 1645 4574 omnibus
1660 4526 1739 4574 me-

320 4628 456 4700 moratis
478 4637 516 4702 ut
538 4653 636 4726 super
659 4631 780 4725 legitur
803 4631 877 4702 illnt
900 4633 976 4704 dare
1000 4639 1056 4704 aut
1079 4630 1219 4704 vendere
1233 4654 1292 4726 per
1307 4631 1424 4728 qnobis
1447 4632 1603 4716 modum:
1630 4639 1663 4702 et
1678 4651 1739 4702 no·

320 4775 387 4846 que
420 4775 516 4824 ame
548 4763 729 4826 memorato
760 4764 854 4849 petro
886 4755 1012 4830 fiolario
1043 4779 1149 4850 neque
1179 4781 1199 4824 a
1224 4755 1308 4827 meis
1331 4755 1504 4828 heredibus
1526 4754 1579 4827 vel
1602 4777 1621 4824 a
1644 4754 1740 4828 nohis

321 4877 466 4979 personis
500 4877 680 4950 summissis
712 4877 804 4952 nullo
832 4886 979 4975 ternpore
1010 4900 1178 4974 nunquam
1209 4899 1269 4952 vos
1297 4886 1353 4951 aut
1380 4878 1518 4971 posteris
1549 4877 1666 4950 vestris
1688 4879 1745 4960 vel

564 5007 631 5080 Vol.
658 5005 725 5083 111.
1364 5018 1406 5074 ro
