4906 6520
1403 643 1522 739 ‹⁹⁴›

1398 801 1521 877 CCXV.

1350 1005 1478 1082 (truste
1500 1006 1585 1079 foro.

623 1229 682 1277 an.
849 1210 881 1306 †
902 1164 1093 1284 u'nomne
1115 1207 1241 1284 oomni
1264 1207 1317 1282 us
1339 1207 1508 1282 salvatoris
1530 1203 1634 1278 noos
1647 1202 1745 1277 nou
1766 1202 1889 1278 cusas
1911 1203 2092 1300 superans
2111 1207 2177 1281 ro-

609 1341 697 1408 990.
754 1334 851 1408 mino
866 1343 977 1406 nostro
1000 1333 1115 1404 besilio
1137 1354 1256 1427 magno
1283 1333 1481 1427 Imperatore
1503 1353 1589 1402 anuo
1620 1328 1806 1402 tricesimo:
1838 1329 1895 1404 sed
1917 1339 1951 1402 ct
1973 1332 2173 1406 constantino

751 1482 871 1555 magno
894 1461 1090 1555 Imperatore
1103 1481 1190 1532 nuno
1205 1459 1361 1533 vicesimo
1384 1459 1536 1554 septimos
1552 1459 1605 1530 die
1619 1458 1886 1554 vicesimoquinto
1900 1459 2021 1534 mensis
2037 1460 2176 1536 ianuarii

752 1585 926 1659 indictione
948 1587 1043 1658 tertia
1065 1587 1213 1682 puteoli:
1236 1588 1324 1657 Dum
1346 1587 1438 1660 vonit
1461 1587 1502 1660 ad
1525 1609 1623 1660 suum
1637 1585 1788 1658 hobitum
1804 1586 1970 1682 quondam
1985 1589 2092 1682 sergio
2106 1585 2173 1660 fito

752 1713 917 1812 quondam
940 1713 1089 1788 iohannis
1112 1715 1153 1786 do
1176 1735 1305 1786 erasmu
1327 1713 1465 1786 obitator
1480 1713 1567 1786 intus
1581 1723 1762 1788 memorato
1779 1721 1885 1785 castro
1903 1713 2089 1808 puteolanos
2108 1713 2172 1786 dis·

752 1841 862 1935 posuit
877 1841 971 1913 nobis
984 1841 1134 1914 videlicet
1148 1839 1287 1915 iohanne
1301 1841 1478 1914 venerabili
1501 1843 1726 1938 presbyterum
1741 1841 1800 1938 qui
1812 1841 2000 1914 nominatur
2022 1840 2170 1914 turrillo:

754 1979 788 2040 et
810 1969 965 2065 stepbnuo
988 1970 1056 2042 tilio
1079 1971 1243 2066 quondam
1269 1971 1392 2043 domiui
1416 1970 1565 2046 iohannis
1588 1973 1628 2046 do
1651 1971 1800 2042 bonitum
1814 1971 1854 2042 do
1870 1979 2048 2042 memorato
2064 1979 2173 2042 cestro

755 2104 793 2168 ut
815 2097 843 2167 si
865 2095 1039 2170 herodibus
1061 2096 1128 2167 suis
1150 2096 1289 2168 mortuis
1311 2095 1411 2168 fucris
1435 2096 1504 2168 sino
1527 2095 1697 2192 proprium
1719 2094 1852 2168 heredes
1874 2104 1908 2167 et
1926 2117 1992 2167 non
2013 2095 2175 2192 reliquero

755 2219 824 2292 filio
847 2227 904 2289 aut
926 2217 1000 2289 filiis
1023 2218 1064 2290 de
1088 2241 1164 2290 vcra
1187 2242 1293 2291 uxore
1315 2228 1349 2293 et
1372 2220 1446 2294 viro
1469 2231 1546 2292 tuno
1569 2219 1679 2292 omnia
1706 2241 1779 2291 mco
1811 2219 1988 2292 hereditate
2012 2241 2068 2292 seu
2096 2221 2174 2292 sub·

754 2345 869 2416 stantia
893 2343 933 2414 do
956 2343 1042 2415 intus
1065 2352 1098 2414 ct
1120 2343 1199 2414 ioris
1221 2343 1280 2440 qui
1304 2343 1377 2416 illos
1400 2344 1580 2418 beroditcnt
1603 2353 1681 2417 tnnc
1704 2345 1765 2418 siat
1787 2343 1939 2416 offertum
1963 2367 2023 2438 pro
2047 2369 2118 2418 mea
2141 2357 2176 2420 et

753 2470 884 2544 illorum
918 2469 1025 2542 animo
1047 2469 1082 2547 in
1106 2471 1356 2564 congregatione
1388 2471 1624 2548 monachorum
1651 2471 1837 2543 monasterii
1859 2481 2044 2544 sanctorum
2076 2473 2174 2569 sergii

754 2605 786 2692 et
808 2597 903 2672 bachi
926 2599 984 2694 qui
1007 2621 1093 2670 nunc
1116 2603 1328 2694 congregatus
1352 2621 1386 2671 es
1408 2595 1444 2670 in
1467 2599 1663 2677 monasterio
1686 2608 1871 2670 sanctorum
1894 2597 2043 2670 theodori
2065 2609 2099 2672 et
2121 2622 2170 2671 sc·

754 2724 888 2796 santiani
911 2723 969 2824 qui
992 2723 1169 2818 appellatur
1192 2724 1349 2818 casapicta
1372 2725 1472 2802 situm
1494 2724 1530 2799 in
1551 2723 1755 2798 viridiarium
1778 2723 1862 2794 idest
1885 2723 2008 2818 integra
2025 2723 2172 2819 portione

721 2875 826 2926 'moa
858 2854 898 2925 ds
930 2860 1016 2925 terra
1047 2877 1113 2948 quo
1146 2861 1283 2926 uocatur
1313 2875 1443 2925 serrano
1469 2852 1573 2948 posita
1599 2853 1635 2925 in
1666 2861 1846 2925 memorato
1872 2852 2036 2924 territorio
2060 2860 2173 2946 puteo-
2224 2825 2230 2838 ¹

753 2983 846 3054 lance
870 3005 936 3052 una
961 3004 1038 3054 cum
1061 2981 1233 3055 arvoribus
1256 2989 1289 3052 et
1311 2981 1482 3052 introitum
1506 3003 1602 3052 suum
1625 2992 1658 3052 et
1675 2979 1826 3052 omnibus
1841 2979 1904 3051 sivi
1926 2979 2172 3073 pertinentibus:

754 3085 813 3206 qui
836 3111 975 3183 indivisa
997 3111 1139 3184 reincent
1161 3132 1237 3181 cum
1261 3110 1387 3202 integra
1411 3118 1497 3182 terro
1519 3119 1626 3181 vestro
1650 3119 1684 3181 nt
1706 3107 1868 3181 abendunn
1890 3107 1966 3180 illut
1989 3107 2023 3179 in
2046 3081 2173 3202 sempi-
2223 3169 2225 3172 .

753 3243 909 3306 ternum:
936 3245 969 3306 et
992 3259 1099 3329 neque
1123 3235 1259 3306 anobis
1282 3234 1468 3306 memoratis
1491 3233 1777 3305 distributoribus:
1802 3258 1908 3330 neque
1932 3259 1950 3305 a
1974 3234 2091 3306 uostris
2114 3233 2173 3304 bc-

754 3361 885 3434 rcdibus
908 3385 1015 3456 neque
1038 3361 1079 3432 ab
1103 3361 1275 3434 ehredibus
1298 3371 1478 3434 memorato
1498 3361 1606 3456 sergio
1623 3361 1675 3434 vel
1693 3387 1711 3432 a
1727 3361 1820 3433 nobis
1835 3361 1977 3456 personis
1992 3361 2176 3433 summissis

752 3487 844 3556 nullo
859 3486 950 3560 nullo
961 3497 1113 3584 tempore
1138 3511 1306 3582 nunquam
1329 3509 1389 3558 vos
1411 3493 1590 3557 memorato
1606 3494 1715 3558 sancto
1732 3493 1765 3556 et
1779 3483 1955 3556 venerabili
1971 3493 2079 3556 vestro
2102 3507 2173 3554 nno-

754 3611 894 3682 nasterio
912 3621 968 3681 aut
982 3612 1118 3705 posteris
1142 3612 1256 3685 vestris
1271 3611 1361 3706 quod
1384 3610 1467 3686 absit
1490 3610 1609 3682 abeatis
1631 3609 1748 3681 exinde
1772 3608 1945 3703 aliquando
1967 3631 2172 3704 quacumque

753 3737 963 3834 requisitione
987 3748 1043 3808 aut
1060 3739 1206 3809 molestia
1222 3763 1240 3808 a
1258 3760 1344 3808 nunc
1367 3737 1457 3808 etin
1479 3738 1641 3832 perpetuis
1664 3737 1887 3831 temporibust
1911 3737 1988 3834 quia
2012 3737 2058 3808 ita
2080 3735 2173 3807 nobis

753 3864 930 3957 disposuit:
957 3863 984 3936 si
1008 3871 1117 3936 autem
1140 3886 1200 3934 nos
1224 3861 1316 3932 alitor
1338 3861 1511 3936 fecerimus
1527 3861 1567 3936 de
1583 3861 1634 3932 bis
1648 3862 1798 3933 omnibus
1821 3863 2008 3933 memoratis
2025 3871 2062 3934 ut
2077 3883 2172 3955 super

753 3991 873 4084 legitur
902 4015 961 4084 per
991 3991 1107 4086 quobis
1131 3991 1263 4061 modum
1288 4003 1344 4062 aut
1367 3989 1544 4064 summissis
1567 3991 1710 4084 personis
1734 4000 1811 4062 tuuc
1834 3989 2059 4084 componimus
2082 3987 2175 4060 vobis

752 4117 931 4212 vestrisque
948 4119 1102 4211 posteris:
1120 4120 1192 4190 auri
1207 4119 1327 4190 solidos
1343 4119 1532 4212 trigintasex
1547 4117 1750 4213 bythiautoos
1765 4127 1797 4189 ct
1812 4141 1849 4190 ec
1864 4117 2008 4189 chartula
2024 4119 2066 4190 sit
2082 4117 2174 4192 bruna

753 4245 870 4339 scripta
884 4269 943 4339 per
958 4270 1090 4318 manum
1107 4248 1255 4318 iohannis
1270 4245 1400 4317 curialis
1416 4269 1475 4340 per
1491 4255 1667 4318 memorata
1690 4246 1865 4318 indictione
1880 4246 1912 4342 †
1928 4247 1991 4318 boo
2008 4243 2175 4342 signum†

753 4394 868 4444 manus
890 4385 1085 4445 memoratos
1109 4375 1264 4469 stephano
1288 4374 1478 4446 distributor
1501 4375 1590 4468 quod
1614 4399 1676 4468 ego
1700 4399 1760 4469 pro
1783 4399 1825 4448 eu
1849 4377 2022 4474 subscripsi
2045 4375 2075 4470 †

850 4495 881 4592 †
904 4521 967 4591 ego
990 4497 1145 4570 iohannes
1169 4499 1335 4592 presbyter
1359 4507 1392 4568 et
1416 4499 1605 4571 distributor
1628 4501 1803 4604 subscripsi
1826 4501 1859 4600 †

853 4619 885 4717 †
909 4644 972 4716 ego
994 4643 1071 4691 caro
1094 4621 1310 4692 subdiaconus
1332 4621 1405 4693 testi
1429 4621 1603 4717 subscripsi
1627 4623 1659 4722 †

851 4745 882 4840 †
905 4769 969 4840 ego
991 4745 1109 4840 paulus
1132 4746 1348 4822 subdiaconus
1372 4748 1445 4820 testi
1469 4747 1642 4843 subscripsi
1665 4749 1697 4847 †

849 4873 882 4968 †
905 4895 968 4967 ego
991 4872 1146 4945 iohannes
1169 4873 1383 4955 subdiaconus
1407 4875 1480 4946 testi
1504 4876 1676 4970 subscripsi
1699 4875 1730 4973 †
1871 4961 1874 4968 Ι

848 4997 880 5099 †
902 4999 973 5094 Ego
988 4997 1145 5074 lohannes
1163 4999 1302 5076 Curialis
1316 5001 1484 5098 Gomplcvi
1501 5010 1534 5074 et
1548 5001 1673 5078 absolvi
1681 5027 1747 5101 per
1761 5015 1940 5082 memorata
1951 5007 2127 5084 indictione
2141 5009 2173 5108 †
