4876 6520
936 661 1053 758 (⁶⁷)

276 837 360 908 dicta
383 855 449 926 que
480 827 629 922 superius
653 825 782 918 legitur.
815 823 850 894 in
874 823 998 918 prelato
1026 823 1223 894 munasterio
1246 829 1358 892 nestro
1381 821 1594 892 hofferuimus
1616 841 1693 889 cum

277 976 468 1028 consensum
484 961 516 1024 et
532 949 698 1021 beluntme
721 945 941 1040 predictorum
960 945 1035 1018 liliis
1049 957 1082 1018 et
1096 944 1265 1016 mundoalt
1286 945 1380 1017 meis.
1399 945 1439 1014 ad
1458 941 1696 1036 possessionem

274 1077 409 1174 predicti
432 1075 535 1148 nostri
559 1073 745 1146 monasterii
770 1084 802 1146 et
825 1075 865 1146 de
889 1075 1024 1168 eiusque
1048 1073 1217 1144 abbatibus
1234 1074 1340 1168 adque
1364 1071 1554 1144 rectoribus.
1578 1071 1692 1146 abendi

275 1215 309 1278 et
332 1200 516 1298 possidendi
539 1209 573 1270 et
595 1198 784 1270 dominandi
817 1207 850 1270 et
879 1199 1006 1268 fruendi
1030 1198 1064 1268 in
1087 1198 1239 1268 omnibus
1268 1219 1382 1268 eorum
1408 1197 1450 1268 sit
1473 1198 1637 1290 potestatis
1660 1205 1694 1267 et

276 1321 412 1394 faciendi
435 1319 552 1391 exinde
575 1340 640 1412 que
663 1317 704 1388 ad
727 1339 801 1412 pars
824 1316 967 1388 iamdicti
990 1315 1178 1386 monasterii
1200 1316 1367 1408 placuerit.
1393 1315 1438 1385 Ea
1462 1316 1587 1388 retieue
1609 1341 1692 1414 qua·

277 1453 371 1516 tenus
401 1441 520 1514 amodo
541 1450 575 1514 et
597 1461 725 1534 semper
755 1440 958 1534 supradictus
990 1449 1101 1510 nester
1123 1440 1337 1512 monasterius
1358 1441 1463 1512 sancti
1486 1440 1637 1512 laurentii
1661 1451 1693 1512 et

277 1567 411 1664 eiusque
434 1564 602 1636 abbatibus
624 1563 733 1657 adque
755 1563 936 1636 rectoribus
958 1563 1095 1636 firmiter
1118 1562 1234 1633 abeant
1256 1573 1290 1636 et
1311 1567 1502 1657 possideant.
1525 1589 1563 1636 en
1585 1565 1702 1658 omnic

278 1693 464 1788 supradicta
486 1714 551 1787 que
565 1691 600 1762 in
614 1691 760 1784 predicto
782 1687 980 1761 monasterio
1000 1690 1204 1762 offeruimus.
1232 1699 1265 1759 et
1287 1690 1467 1784 obligamus
1490 1715 1549 1764 nes
1564 1692 1624 1786 qui
1638 1713 1694 1762 su-

277 1843 336 1914 pra
359 1818 468 1890 aloara
491 1816 616 1890 demini
638 1816 742 1908 gratia
764 1815 955 1909 principissa
978 1837 1055 1886 cum
1078 1837 1270 1888 consensum
1293 1825 1327 1886 ct
1341 1816 1505 1912 boluntate
1520 1819 1694 1910 supradicti

276 1944 447 2016 landeuclll
469 1943 626 2038 principis
648 1952 682 2014 et
703 1941 809 2036 gisolfi
830 1943 889 2016 filii
912 1951 946 2014 et
968 1943 1137 2016 mundoalt
1158 1945 1239 2016 meis
1256 1965 1315 2014 nos
1342 1953 1375 2018 et
1403 1944 1520 2016 nostris
1543 1947 1693 2019 eredibus

279 2094 318 2144 ee
341 2072 452 2144 omnia
474 2068 657 2162 supradicta
690 2091 756 2164 que
786 2069 821 2142 in
850 2068 999 2164 predicte
1029 2071 1225 2142 munasterio
1256 2071 1443 2144 offeruimus
1467 2072 1638 2146 defendere
1662 2087 1694 2146 et

278 2205 437 2268 antestare
460 2216 598 2288 semper.
621 2194 760 2288 predicti
782 2193 970 2266 monasterii
993 2203 1027 2266 ct
1048 2195 1089 2266 ed
1113 2193 1247 2289 eiusque
1263 2193 1432 2266 abbatibus
1448 2195 1500 2266 vel
1515 2197 1695 2268 rectoribus

280 2317 321 2390 ab
346 2317 499 2393 omnibus
520 2315 709 2390 hominibus
727 2315 769 2388 cl)
784 2317 940 2412 omnique
962 2317 1122 2415 pertibus.
1148 2321 1233 2390 llam
1249 2319 1276 2391 si
1294 2341 1354 2390 uos
1381 2343 1446 2414 que
1470 2345 1567 2414 supra
1591 2323 1698 2393 aloara

281 2447 404 2520 demini
436 2447 539 2541 gratia
570 2446 773 2542 principissa.
800 2459 857 2518 aut
878 2449 999 2518 uestris
1023 2447 1172 2518 eredibus
1195 2447 1279 2516 hanc
1308 2447 1431 2516 cartula
1457 2447 1635 2517 offertionis
1659 2450 1699 2520 de

281 2573 400 2668 quibus
422 2573 568 2646 continet
590 2573 765 2668 aliquando
787 2595 847 2666 per
870 2572 1108 2666 qualecumque
1131 2571 1301 2665 ingenium
1331 2571 1533 2666 dirrumpere
1557 2583 1612 2644 aut
1635 2597 1696 2646 re-

281 2695 415 2768 mobere
436 2695 653 2790 quesierimus
675 2705 708 2768 et
730 2695 759 2766 si
781 2715 849 2766 uon
872 2693 1142 2788 compleberimus
1157 2696 1197 2767 ad
1213 2705 1336 2788 partem
1351 2696 1487 2790 predicti
1510 2697 1695 2769 monasterii

248 2825 250 2829 ’
281 2829 315 2892 et
336 2819 381 2892 ad
402 2817 538 2912 eiusque
561 2816 730 2894 nubamus
757 2818 866 2914 adque
894 2816 1075 2890 rectoribus
1104 2841 1141 2890 ea
1172 2818 1282 2890 emnia
1304 2818 1443 2914 qualiter
1465 2819 1613 2914 superius
1635 2821 1693 2892 di-

281 2943 390 3018 ximus
411 2943 604 3039 quincentos
626 2943 808 3030 bizuntinus
829 2943 950 3020 solidos
973 2967 1057 3039 pene
1079 2967 1140 3016 nos
1163 2954 1196 3016 et
1218 2945 1336 3016 nestris
1350 2944 1499 3016 eredibus
1514 2947 1555 3017 ad
1571 2955 1695 3039 partem

280 3070 417 3164 predicti
438 3071 626 3144 monasterii
642 3073 730 3145 etad
753 3071 825 3144 eius
848 3071 1017 3144 aldatilrus
1033 3071 1140 3168 adque
1162 3071 1343 3144 rectoribus
1362 3094 1557 3165 componere
1572 3071 1697 3166 obliga·

281 3214 355 3264 mus
378 3202 410 3264 et
432 3192 543 3264 omnia
563 3193 749 3286 supradicta
771 3195 814 3263 ad
836 3201 962 3284 partem
978 3195 1114 3286 predicti
1131 3191 1316 3263 monasterii
1331 3193 1489 3286 cemplire
1504 3193 1694 3286 obligamus.

278 3327 313 3388 et
332 3317 417 3390 huuc
440 3317 598 3388 cartulam
620 3317 800 3392 offertionis
823 3320 964 3413 qualiter
995 3323 1138 3396 continet
1168 3325 1263 3396 firme
1292 3337 1478 3417 permaneat
1504 3343 1641 3417 semper.
1665 3334 1698 3395 et

278 3443 385 3514 taliter
408 3465 469 3515 nos
492 3465 559 3540 que
581 3465 680 3539 supra
703 3444 810 3518 clema
835 3446 959 3518 domini
982 3447 1085 3540 gratia
1107 3449 1308 3542 principissa.
1335 3473 1400 3520 una
1414 3474 1491 3524 cum
1505 3471 1695 3522 consensum

280 3577 314 3642 et
336 3567 502 3640 teleneu
524 3569 702 3662 supradicti
724 3567 897 3642 landenolfi
919 3569 1076 3664 principis
1099 3579 1133 3642 et
1155 3571 1258 3664 gisolti
1281 3571 1355 3642 filiis
1374 3582 1406 3642 et
1421 3571 1587 3642 mundoalt
1601 3569 1692 3642 meis.

278 3715 339 3790 pru
361 3693 543 3768 remedium
566 3693 675 3766 anime
696 3701 807 3764 nostre
829 3692 975 3766 fecimus.
1000 3703 1034 3766 et
1057 3693 1117 3766 tibi
1137 3693 1277 3768 iohanne
1299 3693 1427 3765 noerio
1450 3693 1590 3765 scribere
1614 3716 1696 3788 pre-

280 3817 435 3912 cepimus.
461 3817 570 3912 Crpuu

373 3939 405 4034 †
426 3943 500 4035 lige
521 3940 710 4018 Grimoaldc
732 3964 842 4018 cemes
958 3975 966 3998 r

375 4063 407 4162 †
430 4066 502 4159 Ege
524 4065 731 4140 Guiteuclius
756 4067 856 4140 iudex

374 4190 407 4286 †
429 4193 502 4286 Ego
524 4193 699 4269 Landullus

374 4319 407 4417 †
429 4319 501 4415 Ego
523 4319 610 4394 ttaio
