4876 6520
879 716 896 808 (
922 715 998 812 5Ἰ)

886 999 990 1072 cun.

321 1246 352 1343 †
375 1248 412 1318 ln
436 1247 567 1319 nomine
589 1248 713 1320 domini
736 1250 838 1320 nostri
861 1251 934 1324 lesu
949 1253 1070 1324 Christi
1092 1252 1155 1324 Dei
1178 1254 1292 1327 Etemi
1314 1261 1433 1350 quarto
1446 1259 1542 1329 Anno
1557 1258 1648 1354 prin-
1712 1289 1777 1336 an.

229 1375 354 1468 cipatus
378 1375 502 1447 domini
524 1376 627 1446 nostri
649 1373 821 1448 landenolfi
835 1377 970 1471 gloriosi
984 1379 1180 1473 principia..
1203 1381 1312 1454 Mense
1336 1382 1523 1458 december:
1542 1412 1649 1483 quar·
1697 1397 1785 1460 985.

227 1497 385 1572 tadecima
408 1497 598 1571 indictione.
613 1499 699 1570 .Nec
720 1523 788 1571 non
811 1509 843 1570 et
858 1502 996 1595 septimo
1019 1503 1115 1572 Anno
1129 1502 1336 1594 pontificatus
1352 1505 1474 1579 domini
1501 1511 1648 1605 stephani

214 1622 419 1694 ‘uenerabilis
442 1622 601 1718 episcopi.
615 1647 702 1719 .quo
725 1625 786 1694 deo
809 1625 937 1696 labente
960 1635 1069 1697 sancte
1085 1625 1205 1700 Gdatie
1229 1629 1314 1702 sedis
1328 1645 1532 1706 consecratus
1556 1639 1648 1709 auti.-

227 1727 316 1821 stites
339 1749 423 1820 sicut
444 1750 599 1820 canonica
622 1750 786 1822 continent
808 1751 951 1822 decreta.
966 1751 1074 1826 .Nulli
1097 1751 1223 1826 licitum
1246 1755 1446 1850 ubicumque
1462 1769 1649 1835 construere

227 1875 390 1946 borstoria
414 1877 534 1970 absque
557 1877 671 1948 notitia
694 1887 728 1950 et
750 1877 878 1948 licentia
902 1879 1044 1974 episcopi
1068 1881 1161 1951 euius
1184 1882 1339 1955 diocesim
1358 1883 1540 1956 subiacent:
1566 1889 1649 1959 Nam

228 2022 337 2072 omnes
361 1999 492 2072 ecclesie
524 2010 705 2097 cunctaque
735 2001 901 2073 boratoria
932 2003 967 2075 in
999 2005 1125 2077 dicione
1162 2005 1282 2079 debent
1305 2031 1373 2079 esse
1397 2009 1534 2104 presulis
1556 2011 1649 2084 euius

229 2125 381 2197 diocesim
411 2149 480 2200 esse
511 2125 688 2200 bidentur:
723 2129 944 2212 Quamobrem
972 2151 1032 2200 nos
1063 2128 1240 2225 prephatus
1272 2134 1445 2228 stephanus
1480 2133 1650 2230 episcopus

227 2261 293 2321 tam
317 2251 488 2347 episcopali
511 2254 703 2326 auctoritate
726 2255 801 2326 lulti
824 2280 924 2351 quam
947 2279 1171 2352 precessorum
1193 2266 1382 2333 nostrorum
1411 2261 1513 2332 secuti
1537 2263 1650 2334 eirem-

226 2375 296 2469 pler
319 2375 376 2470 qui
399 2376 557 2472 plurimas
581 2377 730 2451 ecclesias
752 2379 870 2451 liberas
892 2379 1065 2452 lecerunt:
1090 2389 1224 2474 precatu
1230 2431 1476 2454 ...........
1485 2383 1652 2454 archidia-

227 2501 301 2572 coni
330 2475 432 2571 nostri
464 2501 573 2572 dilecti
605 2525 681 2572 cum
713 2525 871 2573 consensu
903 2504 1109 2576 sacerdotum
1140 2527 1179 2572 ac
1206 2505 1380 2576 levitarum
1402 2513 1652 2601 ceterorumque

228 2627 381 2700 ordinum
405 2626 602 2698 clericorum
633 2652 693 2722 per
724 2629 789 2699 boc
821 2637 972 2712 nostrum
998 2629 1176 2701 roboreum
1203 2639 1392 2724 preceptum
1423 2633 1649 2706 concessimus.

228 2884 263 2953 in
287 2879 404 2952 linibus
427 2879 542 2952 cointio
566 2880 600 2950 in
621 2888 727 2950 castro
750 2881 809 2976 qui
832 2879 952 2953 dicitur
960 2933 1137 2954 ........
1144 2905 1245 2978 quem
1268 2883 1429 2958 landulfus
1445 2934 1646 2956 .........

231 3031 342 3090 amore
367 3009 419 3087 dei
443 3015 477 3078 et
499 3005 722 3100 redemptione
746 3006 852 3078 enine
876 3030 934 3079 sue
949 3031 969 3075 a
984 3007 1073 3082 nobo
1096 3009 1283 3080 fundamine
1302 3009 1453 3082 solidavit
1469 3011 1509 3082 ad
1526 3010 1654 3083 laudem

232 3145 263 3207 et
286 3136 423 3230 gloriam
447 3134 571 3208 domini
594 3135 699 3207 nostri
723 3137 794 3207 iesu
817 3135 931 3206 christi
953 3135 1116 3208 vocabulo
1140 3146 1249 3212 sancte
1273 3137 1379 3206 crucis
1404 3139 1554 3214 edificare
1577 3137 1655 3211 lecit

231 3273 263 3333 et
286 3263 519 3334 monasterium
550 3263 626 3334 inde
649 3260 832 3333 construxit
856 3261 898 3332 sit
921 3261 1068 3332 absolute
1101 3261 1204 3344 livera
1233 3264 1351 3334 amodo
1375 3270 1409 3332 et
1431 3263 1581 3358 deinceps
1614 3265 1655 3334 ab

234 3389 323 3460 omni
347 3389 536 3462 condicione
561 3387 752 3484 episcopalis
776 3387 1033 3462 dominationes:
1049 3363 1336 3472 Quemadmodum
1359 3389 1451 3460 nullo
1474 3389 1553 3460 olim
1571 3399 1655 3462 tem-

235 3539 315 3610 pore
338 3515 476 3611 quilivet
497 3525 687 3586 nostrorum
710 3535 933 3590 successorum
963 3513 1131 3608 presulum
1154 3537 1213 3584 seu
1239 3515 1444 3585 sacerdotum
1469 3513 1521 3584 vel
1545 3513 1656 3584 cuius-

235 3662 375 3735 cumque
399 3639 519 3733 gradus
542 3637 736 3712 clericorum
758 3637 795 3708 in
819 3637 876 3708 ille
905 3633 1095 3708 dominandi
1126 3634 1290 3712 licentiam
1322 3635 1417 3707 abeat
1447 3636 1501 3708 uel
1523 3659 1656 3708 censum

235 3767 378 3862 aliquem
401 3775 457 3835 aut
480 3765 621 3837 reditum
644 3765 756 3858 exigat
779 3766 819 3836 de
843 3788 881 3834 eo
896 3762 950 3836 bel
966 3767 1006 3844 de
1020 3764 1146 3836 cunctis
1168 3763 1370 3857 pertinentiis
1393 3762 1475 3834 eius.
1502 3762 1657 3857 Nullique

234 3896 326 3966 alteri
349 3894 481 3966 ecclesie
494 3893 681 3964 subiaceant
702 3901 751 3964 set
774 3891 892 3968 insola
915 3901 1025 3964 vestra
1046 3901 1204 3986 potestate
1226 3893 1448 3987 heredumque
1472 3901 1657 3965 vestrorum

235 4042 310 4091 cum
333 4016 468 4111 integris
491 4015 559 4086 suis
581 4013 800 4108 pertinentiis:
827 4035 899 4085 eam
922 4012 1085 4086 subditam
1107 4035 1177 4086 esse
1199 4035 1381 4086 censemus:
1404 4037 1445 4085 eo
1469 4014 1558 4110 quod
1581 4016 1658 4088 lan·-

235 4147 340 4220 dolfus
363 4165 471 4216 comes
494 4143 642 4239 genitore
665 4148 785 4214 vestro.
809 4163 883 4213 eam
908 4139 1112 4212 construxit:
1138 4147 1172 4214 et
1194 4139 1221 4212 si
1245 4140 1343 4226 abbas
1365 4141 1465 4214 luerit
1488 4138 1659 4214 defunctus

238 4276 296 4368 qui
318 4273 467 4348 eamdem
490 4269 659 4343 ecclesiam
681 4267 952 4376 regereuvidetur
974 4291 1074 4364 quem
1098 4266 1158 4340 bos
1185 4267 1308 4341 ibidem
1332 4269 1515 4342 ordinatum
1540 4269 1657 4342 ubetis:

240 4425 366 4500 semper
387 4399 551 4472 licentiam
574 4403 608 4469 et
629 4403 821 4492 potestatem
844 4395 1067 4469 abeatiszvos
1090 4403 1123 4468 et
1134 4396 1234 4469 vestri
1257 4396 1393 4469 heredes
1416 4395 1538 4471 ibidem
1562 4395 1659 4470 abbas

238 4529 335 4602 talem
359 4537 391 4598 et
399 4579 527 4599 ......
544 4523 715 4623 ..qualem
737 4523 800 4620 ipsi
824 4521 977 4596 monachi
1001 4519 1124 4619 eligunt
1146 4523 1205 4621 qui
1230 4523 1266 4596 in
1284 4525 1401 4598 eodem
1424 4525 1562 4598 cenovio
1585 4533 1660 4597 sunt

237 4655 423 4748 congregati
446 4700 1414 4732 .........................................
1427 4617 1440 4722 l
1454 4700 1653 4725 .........

240 4805 299 4877 per
323 4781 419 4853 deum
443 4778 699 4872 omnipotentem
721 4777 877 4873 simplum
908 4785 942 4849 et
969 4777 1093 4850 trinum
1115 4777 1252 4872 eiusque
1275 4798 1388 4850 omnes
1410 4785 1536 4848 sanctos
1560 4777 1661 4849 adiu-

240 4929 348 4982 ramus
372 4915 404 4978 et
426 4903 640 5000 presbiterum
664 4921 765 5000 quem
787 4925 848 4976 sos
880 4911 935 4974 ant
958 4901 1093 4984 heredes
1116 4901 1217 4974 vestri
1240 4901 1288 4973 ibi
1311 4901 1556 4974 ordinaveritis:
1581 4903 1656 4974 Non

242 5036 391 5114 doemunt
413 5055 474 5109 nos
497 5041 555 5104 aut
576 5051 774 5106 successores
797 5029 899 5104 nostri
921 5029 1089 5108 licentiam
1126 5031 1374 5109 excomunicare
1397 5029 1663 5106 anathematizare

482 5163 550 5238 Vol.
576 5161 643 5233 111.
1306 5171 1325 5232 8
