4876 6520
898 625 913 713 (
940 628 982 692 ⁵5
1007 623 1020 717 )

250 803 308 878 per
331 787 512 852 memorate
531 774 684 870 genitrice
716 784 835 848 nostra.
869 797 934 848 uno
962 795 1038 846 cum
1062 773 1156 846 dulen
1179 780 1212 848 et
1236 775 1434 868 pulmentum
1457 785 1490 848 et
1513 775 1661 846 omnibus

251 909 322 982 eius
345 903 602 1002 pertinentibus:
628 925 793 1000 quumque
816 902 922 996 tetigit
945 900 999 974 bic
1014 911 1048 974 et
1062 910 1163 974 terras
1178 911 1313 996 quantas
1336 900 1430 972 vobis
1452 901 1591 994 pertinet
1605 924 1662 994 per

253 1043 433 1108 memorato
465 1031 612 1128 genitore
634 1039 747 1102 nostro
770 1029 805 1102 in
827 1039 1009 1104 memorato
1032 1029 1105 1100 loco
1127 1028 1352 1102 murtilianum
1377 1036 1410 1100 at
1432 1037 1580 1100 sunctum
1602 1051 1666 1122 pe-

251 1173 341 1234 trum
364 1169 397 1232 nt
420 1179 521 1253 paum
543 1177 644 1250 quem
667 1153 736 1247 ipse
758 1155 886 1248 genitor
910 1165 1020 1226 noster
1042 1157 1156 1228 dutum
1178 1155 1268 1228 abuit
1290 1165 1324 1226 at
1337 1155 1567 1248 menendum
1590 1177 1667 1226 cum

253 1285 387 1360 domiuo
410 1281 525 1356 besilio
547 1279 618 1352 tbio
642 1288 755 1352 nnuro
777 1289 815 1351 ut
837 1279 907 1372 ipsu
929 1281 1036 1373 portio
1060 1288 1093 1352 et
1116 1281 1308 1373 pertinentia
1337 1283 1378 1353 de
1401 1288 1579 1352 memorato
1602 1303 1667 1374 ge-

252 1410 358 1483 nitore
380 1418 493 1480 nostro
516 1405 635 1479 exinde
658 1403 694 1474 in
716 1404 778 1476 istu
800 1404 907 1498 tetigit
929 1405 1097 1500 portione:
1127 1426 1204 1474 cum
1227 1404 1377 1476 omnibus
1400 1405 1447 1476 eis
1470 1406 1668 1498 pertinenti-

254 1533 337 1606 bus:
371 1530 535 1626 simulque
568 1528 676 1620 tetigit
705 1527 761 1600 bic
792 1535 826 1598 et
857 1549 969 1600 omncs
998 1536 1101 1600 terres
1131 1535 1269 1620 quantus
1292 1535 1325 1596 et
1349 1527 1459 1622 quales
1483 1527 1614 1600 abemus
1638 1539 1671 1599 at

254 1681 328 1732 casn
350 1680 473 1752 pagana
495 1656 574 1728 foris
595 1655 721 1748 gripta:
746 1677 805 1726 seu
827 1662 861 1725 et
883 1652 1047 1746 integrum
1068 1672 1221 1746 campum
1243 1663 1392 1722 nostrum
1408 1653 1467 1748 qui
1482 1655 1670 1726 nominatur

256 1805 410 1878 campum
442 1781 481 1854 da
503 1779 691 1875 spatharum
722 1779 806 1850 iustu
829 1787 974 1852 sunctum
996 1778 1093 1851 bitale
1116 1797 1181 1848 una
1204 1797 1281 1848 cum
1304 1788 1391 1851 sorte
1414 1785 1524 1849 nostra
1548 1781 1673 1876 integra

257 1909 298 1982 tle
321 1918 454 2002 puteum
477 1929 561 2001 aque
583 1905 678 1976 bibe:
706 1912 739 1976 et
762 1929 839 1980 cum
861 1915 1013 1980 coetaneo
1036 1913 1146 1977 nostre
1169 1903 1317 1976 ividem:
1353 1913 1386 1977 et
1418 1930 1494 1978 cum
1522 1908 1673 2001 portione

257 2045 364 2102 nosue
387 2030 427 2102 de
452 2029 674 2123 pulmentum:
699 2037 748 2099 set
769 2052 850 2102 varo
872 2039 907 2102 et
929 2051 1042 2102 omnes
1066 2037 1168 2101 terras
1191 2039 1316 2102 nostras
1344 2039 1481 2127 quarum
1504 2041 1538 2102 at
1561 2032 1675 2126 quales

258 2155 389 2229 abemus
411 2155 447 2225 in
469 2153 548 2226 foris
572 2155 678 2247 gripta
693 2175 769 2225 cum
785 2152 1086 2250 ntpendicibusque:
1101 2153 1189 2226 suis:
1217 2153 1349 2249 insuper
1364 2155 1469 2251 tetigit
1484 2155 1553 2226 bic.
1574 2163 1608 2225 et
1622 2153 1674 2224 in-

256 2289 348 2375 tegra
371 2275 510 2350 clusurio
532 2287 642 2350 nostra
665 2271 814 2349 deterre
841 2299 941 2374 qnam
964 2277 1098 2352 obem
1121 2277 1157 2348 in
1180 2277 1253 2348 loco
1276 2279 1336 2374 qui
1359 2291 1494 2350 vocatur
1517 2301 1675 2372 cpranum

256 2405 364 2500 posito
386 2426 484 2499 super
508 2403 630 2474 cliburn
652 2402 814 2476 benbum:
849 2411 898 2474 set
925 2425 1004 2475 vcro
1026 2403 1133 2496 tetigit
1155 2401 1210 2472 hie
1233 2412 1267 2474 et
1289 2403 1391 2474 fundo
1415 2412 1448 2473 et
1471 2411 1574 2474 utras
1598 2427 1680 2496 quas

260 2533 393 2606 memus
415 2533 451 2602 in
473 2531 669 2604 batilianum
692 2553 790 2625 super
816 2529 939 2601 clibum
963 2530 1004 2600 de
1026 2530 1139 2622 galero
1162 2549 1238 2598 cum
1253 2527 1557 2623 atpendicibusque:
1582 2530 1672 2602 suis:

259 2659 321 2732 bec
343 2681 423 2733 vero
447 2659 556 2753 portio
579 2682 655 2731 cum
680 2655 852 2730 arbor-ibus
873 2655 1050 2729 fructiferis
1074 2655 1128 2728 vei
1150 2654 1357 2729 infructiferis
1381 2667 1504 2730 etcum
1528 2658 1674 2730 introitus

259 2808 334 2859 suas
358 2795 392 2858 et
414 2783 564 2856 omnibus
585 2783 657 2855 eius
681 2779 934 2876 pertinentibus:
956 2781 1049 2853 Unde
1073 2789 1107 2852 at
1129 2778 1236 2852 bicem
1258 2781 1365 2875 tetigit
1387 2781 1421 2854 in
1444 2783 1593 2875 portione
1617 2807 1674 2855 se-

261 2911 367 2984 cunda
390 2931 450 2982 nos
472 2915 653 2981 memorato
676 2907 793 2977 besilio
817 2905 1013 2978 subdiacono
1036 2912 1070 2976 et
1092 2913 1272 2978 memorato
1296 2905 1435 2977 iohanne
1450 2918 1483 2978 et
1497 2917 1676 2978 memorata

262 3061 390 3133 gemma
413 3037 548 3110 honesta
570 3035 690 3108 femina
713 3045 747 3107 et
769 3041 948 3106 memorata
972 3033 1103 3108 eufimia
1126 3035 1261 3106 honesta
1274 3033 1425 3128 pheminu
1440 3037 1516 3107 totis
1535 3047 1675 3131 quatuor

262 3162 425 3256 germanis
448 3172 481 3233 et
504 3182 693 3254 germanus:
717 3159 800 3230 idest
822 3179 935 3228 omnes
958 3165 1060 3228 terras
1083 3165 1219 3250 quantas
1233 3167 1267 3227 et
1281 3159 1392 3252 quales
1409 3158 1542 3230 abemus
1556 3163 1591 3230 in
1605 3183 1675 3231 nra-

261 3308 378 3358 ranmn
400 3283 502 3354 cultas
526 3283 579 3353 vel
597 3281 735 3353 incultas
750 3291 873 3353 etcum
891 3279 1044 3352 fundoras
1058 3287 1091 3350 et
1115 3302 1192 3350 cum
1215 3282 1353 3376 scapulis
1376 3291 1409 3354 et
1433 3283 1512 3354 ribis
1535 3293 1584 3356 set
1599 3307 1678 3356 vero

261 3411 350 3482 silbis
372 3419 405 3481 et
427 3431 504 3480 cum
526 3417 693 3481 curuneas
717 3415 751 3480 et
773 3429 849 3479 cum
872 3405 1004 3501 piscinis
1035 3408 1154 3478 nostris
1176 3429 1242 3479 une
1265 3431 1343 3480 cum
1366 3411 1672 3505 ntpendicibusque:

262 3535 352 3607 suis:
379 3541 515 3630 quantas
539 3534 574 3602 in
596 3540 777 3602 memorato
799 3531 873 3602 loco
896 3551 1069 3602 maranum
1092 3530 1242 3602 abemus:
1269 3555 1335 3604 nna
1359 3554 1435 3605 cum
1458 3533 1608 3604 omnibus
1630 3535 1677 3606 eis

261 3656 497 3756 pcrtinentibus
521 3665 681 3750 quantum
703 3653 798 3724 nobis
821 3654 961 3748 pertinet
983 3676 1042 3747 per
1066 3665 1242 3728 memoratu
1268 3655 1398 3727 dominc
1413 3679 1507 3728 maru
1522 3643 1677 3749 genitrice

263 3797 373 3858 nostra
395 3783 449 3854 rel
471 3805 530 3876 per
553 3782 653 3852 :bum
676 3782 825 3876 quolivet
839 3782 993 3852 modum:
1017 3781 1123 3876 prima
1139 3793 1225 3854 terra
1240 3807 1305 3878 que
1320 3783 1506 3853 nominatur
1521 3781 1677 3852 casanoba

265 3921 299 3980 et
321 3907 436 3978 tricina
458 3915 617 4000 quantrun
640 3903 686 3976 ivi
711 3903 863 3975 abemus:
887 3914 921 3976 et
946 3903 1009 3975 alin
1031 3915 1132 3976 terras
1155 3929 1219 4000 que
1243 3915 1378 3978 vocatur
1400 3907 1527 3980 :eborae
1550 3916 1583 3981 et
1602 3933 1677 4003 gra-

265 4035 400 4106 niauum
423 4029 605 4126 pictulum:
637 4038 671 4100 et
701 4037 860 4123 quantum
892 4027 940 4100 ivi
967 4027 1101 4099 memus
1124 4039 1206 4124 quot
1228 4030 1298 4125 ipse
1321 4033 1449 4126 genitor
1472 4045 1581 4107 noster
1603 4036 1679 4107 dedi

266 4169 300 4230 at
322 4157 553 4253 pastenandunn
576 4155 617 4226 ad
642 4155 801 4226 nnasnsio
815 4162 849 4226 et
862 4155 999 4227 fundum
1022 4165 1190 4228 nostrum:
1214 4167 1247 4229 et
1262 4157 1350 4230 silbis
1365 4167 1522 4254 quantum
1546 4160 1678 4234 abeums

267 4287 304 4358 iu
325 4283 584 4355 tomatitianum:
611 4289 643 4354 et
666 4289 826 4376 quantum
848 4279 981 4352 memus
1003 4279 1038 4351 in
1062 4295 1193 4352 centum
1216 4306 1280 4353 una
1303 4275 1379 4354 cunt
1393 4285 1502 4356 omnia
1521 4295 1679 4380 quantum

267 4411 304 4481 in
326 4416 506 4482 memorato
530 4407 603 4478 loco
626 4427 796 4478 maranum
819 4405 969 4478 abemus:
993 4415 1170 4478 memorata
1193 4407 1301 4501 portio
1324 4409 1464 4482 secunda
1479 4410 1537 4504 qui
1555 4433 1613 4482 nos
1630 4421 1682 4482 te-

267 4534 344 4628 tigit
366 4533 401 4604 in
416 4531 492 4628 ipsu
516 4532 663 4624 portione
686 4529 826 4601 secunda
849 4553 914 4601 una
937 4551 1014 4602 cum
1036 4529 1204 4602 arboribus
1220 4532 1412 4604 etintroites
1428 4555 1542 4605 eurum
1557 4543 1679 4605 etcum

267 4661 399 4760 piscinis
422 4671 456 4732 et
478 4659 565 4730 silbis
581 4668 614 4730 et
628 4659 778 4730 omnibus
800 4658 863 4730 sivi
877 4658 1109 4752 pertinentibus
1123 4658 1220 4754 legati
1235 4683 1315 4732 vero
1332 4662 1372 4733 de
1388 4660 1578 4753 dispositum
1592 4661 1681 4753 qnod
1763 4685 1765 4692 ’

269 4790 348 4864 fecit
371 4787 558 4860 memoratis
581 4785 741 4879 iugalibus
765 4785 966 4881 genitoribus
988 4785 1105 4857 nostris
1128 4795 1166 4857 ut
1188 4789 1330 4860 continet
1353 4788 1395 4860 sit
1413 4789 1497 4859 inter
1513 4787 1605 4858 nobis
1622 4811 1683 4858 no-

269 4916 409 5010 strisque
432 4909 604 4990 heredibus
630 4911 743 4982 firmus
765 4919 798 4981 et
821 4909 918 4981 sabis
942 4912 983 4983 de
1011 4911 1164 4984 omnibus
1188 4909 1393 4984 memoratis:
1417 4922 1449 4987 et
1471 4935 1545 5008 pers
1568 4913 1626 5009 qui
1649 4937 1683 4986 se
