4906 6520
1438 611 1453 713 (
1478 625 1544 690 sat
1568 621 1586 714 )

805 783 868 857 §eoi
899 781 1016 854 notitia
1048 803 1067 849 a
1091 777 1227 874 garoiali
1255 774 1402 871 germani
1425 769 1492 846 mei
1515 783 1549 844 et
1570 771 1653 868 petri
1677 773 1788 868 nepoti
1811 775 1876 847 rnei
1899 776 1960 870 qui
1981 785 2059 850 sunt
2079 784 2224 878 propin-

808 911 941 1008 quiores
953 897 1152 1004 'parentibus
1174 905 1265 978 meis.
1289 902 1410 996 quibus
1434 925 1499 974 una
1521 923 1597 973 oum
1611 901 1691 996 ipsis
1704 899 1892 995 parentibus
1911 903 1994 974 meis
2009 916 2043 977 et
2057 929 2132 982 oms
2147 935 2228 1006 pre-

808 1037 904 1110 dictis
926 1035 1001 1110 filiis
1032 1035 1114 1123 meis
1144 1031 1267 1126 pariter
1288 1019 1480 1102 hudabirnns
1501 1029 1662 1122 presentia
1685 1027 1819 1100 iohanni
1841 1031 1942 1102 iudiei
1967 1040 2120 1128 capuane'
2134 1039 2225 1113 eibi-

807 1164 883 1234 tstis
906 1163 941 1231 in
963 1160 1056 1247 onius
1078 1155 1239 1250 presentia
1263 1148 1436 1246 diligenter
1457 1153 1525 1224 tuit
1540 1153 1738 1246 interrogata
1753 1153 1806 1225 rel
1821 1153 2019 1250 inquesitam
2035 1183 2077 1235 ne
2091 1165 2225 1240 fortasse

808 1289 849 1358 ha
871 1285 1022 1381 predictis
1044 1283 1120 1356 filiis
1143 1278 1229 1352 meis
1250 1279 1383 1378 helique
1405 1283 1525 1353 laeum
1548 1281 1667 1354 habere
1682 1281 1880 1357 hiolentiam.
1904 1285 2025 1378 quibus
2040 1289 2225 1384 egoloeuh

785 1418 789 1428 '
804 1435 879 1488 snrn
903 1412 1040 1484 dieendo
1063 1411 1187 1483 nnllam
1210 1408 1397 1482 biolentiem
1419 1411 1526 1506 patior
1539 1419 1587 1483 set
1602 1411 1687 1482 bona
1701 1419 1734 1484 et
1748 1395 1924 1504 s'ponunea
1939 1435 2013 1484 mea
2027 1417 2224 1493 boluntatem

805 1565 866 1613 ano
888 1525 1035 1614 banditio
1058 1540 1129 1612 lieri
1151 1539 1221 1612 dixi
1244 1537 1331 1610 bolo.
1355 1544 1390 1610 et
1411 1539 1589 1611 seeundum
1611 1538 1683 1634 legs
1706 1551 1760 1610 me
1782 1539 1994 1616 benditrioem
2013 1549 2085 1618 feei
2110 1550 2225 1623 lteireo

803 1669 868 1762 ego
882 1667 948 1738 iam
971 1667 1137 1739 nominata
1151 1667 1280 1738 aelleeta
1294 1673 1437 1738 tenentes
1455 1687 1585 1737 meeum
1607 1665 1757 1738 manibus
1780 1666 1849 1737 suis
1869 1668 2024 1760 predictis
2041 1675 2225 1765 parentibus

805 1792 886 1864 meis
900 1793 935 1863 in
949 1813 1015 1862 ano
1024 1791 1145 1862 oartula
1159 1812 1220 1884 pro
1234 1787 1407 1860 stabilitate
1421 1798 1454 1861 et
1468 1813 1544 1860 eum
1560 1811 1675 1860 eorum
1690 1787 1815 1858 notitia.
1829 1813 1929 1884 quam
1945 1801 1979 1863 et
1994 1797 2226 1869 consentientes

804 1920 905 1992 michi
930 1918 1093 2012 prediatus
1116 1915 1271 1990 iohannes
1286 1925 1319 1987 et
1333 1937 1464 1990 smnmo
1479 1915 1553 1988 liliis
1568 1923 1601 1987 et
1614 1915 1783 1988 mundoalt
1796 1917 1877 1990 meis
1892 1917 1935 2013 in
1953 1943 2097 2014 qnorum
2122 1945 2225 1996 mnn-

807 2047 898 2118 dium
914 2069 966 2117 me
980 2046 1107 2138 legibus
1128 2043 1297 2117 subiacere
1311 2043 1495 2139 prebideor.
1509 2047 1573 2119 Per
1587 2067 1647 2118 ane
1662 2043 1844 2117 chartulam
1868 2051 2043 2123 seeundum
2066 2054 2140 2146 lege
2163 2055 2227 2124 be·

806 2171 958 2244 numdedi
972 2155 1066 2242 'vobis
1081 2169 1147 2264 'qui
1162 2190 1261 2263 snpra
1275 2157 1375 2266 ligari
1390 2179 1423 2241 et
1436 2171 1552 2242 atelani
1568 2169 1766 2263 neapolitani
1789 2172 1848 2266 qai
1863 2171 1980 2244 dieitur
1995 2174 2115 2251 inferni
2129 2179 2228 2250 inte-

805 2319 862 2390 gra
876 2293 1058 2365 iamdictam
1073 2300 1223 2387 quartam
1237 2303 1364 2386 partem
1377 2315 1484 2366 meam
1496 2295 1538 2365 de
1552 2293 1707 2364 iamdicto
1721 2315 1781 2389 per
1795 2283 1870 2366 linis
1892 2295 2030 2370 indicate
2044 2311 2077 2374 at
2091 2323 2225 2376 mensu·

804 2428 873 2491 rate
887 2419 1048 2515 quaduror
1063 2419 1149 2514 petie
1163 2419 1206 2491 de
1220 2428 1306 2492 terre
1320 2427 1354 2490 et
1368 2419 1408 2488 ds
1423 2417 1577 2512 predictis
1599 2419 1762 2514 quadtuor
1784 2419 2015 2514 scriptionibus
2037 2427 2127 2518 quod
2150 2441 2224 2500 snnt

805 2545 950 2618 oharhde
971 2543 1115 2641 qualiter
1137 2543 1289 2639 superins
1311 2543 1448 2616 disimus
1470 2552 1503 2614 et
1525 2542 1627 2617 miehi
1650 2543 1768 2616 exinde
1791 2553 1840 2616 est
1861 2545 2056 2640 pertinentes
2080 2561 2119 2620 ut
2133 2553 2225 2624 dixi·

805 2689 879 2740 mus
901 2685 967 2740 una
989 2687 1067 2740 eum
1091 2666 1261 2740 arboribus
1290 2666 1468 2740 huodleris
1494 2666 1549 2738 rel
1571 2665 1783 2741 inimotiferis
1805 2677 1840 2742 et
1863 2693 1940 2744 cnm
1962 2674 2115 2748 omnibus
2137 2678 2223 2749 intro

805 2815 840 2866 se
863 2792 1031 2866 abeudbut
1053 2794 1166 2866 subter
1188 2795 1243 2868 vel
1267 2803 1423 2890 superet
1444 2814 1521 2867 eum
1543 2793 1608 2868 biis
1629 2795 1698 2870 suis
1722 2795 1845 2870 ibidem
1868 2797 2011 2872 intrandi
2035 2812 2067 2872 et
2084 2805 2223 2878 exiendi,

803 2922 927 2994 Cuncta
951 2931 984 2994 et
1006 2923 1133 3018 integra
1155 2924 1301 3019 predicta
1323 2930 1473 3020 quartam
1496 2930 1622 3016 partem
1646 2943 1753 2998 meam
1776 2924 2062 3028 vobisquisnpra
2078 2934 2224 3023 germani

805 3045 923 3120 exinde
944 3041 1123 3121 secundum
1145 3047 1252 3143 legem
1273 3037 1481 3120 benumdedi.
1503 3037 1555 3118 Ad
1578 3048 1815 3142 possessionem
1838 3059 1979 3125 vestram
2002 3063 2035 3126 et
2051 3055 2091 3126 de
2107 3059 2222 3130 restris

805 3171 976 3257 heredibus
999 3173 1116 3248 abeudi
1139 3182 1172 3243 et
1190 3163 1374 3266 possidendi
1389 3183 1422 3245 et
1435 3172 1574 3246 iaeiendi
1589 3173 1706 3246 exinde
1725 3173 1837 3246 omnia
1851 3195 1916 3272 qne
1938 3177 2033 3250 vobis
2054 3181 2219 3274 placuerit.

804 3297 889 3368 unde
912 3297 953 3367 de
967 3321 1078 3366 omna
1102 3298 1283 3389 supradicta
1305 3319 1406 3391 quem
1421 3319 1480 3368 nos
1495 3299 1554 3392 qni
1577 3321 1675 3392 supra
1698 3299 1840 3375 iohanne
1854 3309 1887 3374 et
1900 3320 2030 3377 summa
2045 3316 2079 3377 et
2093 3307 2220 3379 selleota

805 3433 906 3494 mater
930 3431 964 3494 et
987 3423 1061 3494 liliis
1084 3447 1151 3518 que
1173 3422 1267 3494 robis
1290 3422 1438 3516 superius
1462 3419 1640 3495 seeundum
1663 3425 1735 3522 lege
1762 3425 2019 3507 benundedimua
2041 3435 2137 3505 nobis
2159 3459 2217 3506 nee

690 3635 695 3647 .
804 3553 901 3622 uxori
917 3573 987 3623 mes
1002 3552 1061 3647 qui
1075 3572 1172 3645 supra
1186 3549 1327 3622 iohanne
1341 3571 1401 3620 nee
1416 3551 1471 3620 alii
1486 3551 1621 3622 cuilibet
1637 3554 1754 3627 exinde
1768 3557 1891 3630 nullam
1905 3559 2148 3634 reserbabimns
2164 3563 2218 3634 Set

805 3671 957 3774 eundum
979 3677 1022 3746 'et
1044 3677 1210 3770 integrum
1231 3675 1321 3768 ipsos
1350 3673 1445 3745 vobis
1469 3677 1529 3770 qui
1552 3699 1650 3771 snpra
1674 3679 1822 3773 germani
1844 3677 2111 3758 bennmdedimns
2133 3690 2215 3760 sicut

797 3815 898 3894 ‘supra
928 3802 1083 3874 diximus.
1115 3810 1148 3873 et
1178 3819 1238 3892 per
1259 3799 1443 3894 supradicta
1466 3811 1578 3872 nostra
1602 3801 1789 3876 benditione
1812 3805 1848 3876 in
1872 3811 2011 3901 presenti
2035 3814 2218 3908 reoepimus

799 3929 942 4020 pretinm
966 3951 1025 3999 nos
1048 3927 1108 4022 qui
1139 3947 1236 4020 snpra
1259 3926 1405 4021 germani
1429 3951 1447 3996 a
1471 3947 1531 3998 sos
1555 3927 1615 4023 qui
1638 3947 1737 4021 snpra
1768 3933 1915 4023 germani
1946 3922 2126 4010 emtoribus
2158 3963 2216 4010 no

796 4060 889 4128 'stite
912 4058 997 4128 ldest
1022 4075 1104 4127 auro
1127 4053 1247 4126 solidas
1270 4075 1375 4126 ronos
1399 4055 1564 4127 vizanteos
1586 4055 1735 4150 triginta.
1762 4066 1795 4128 et
1816 4047 1879 4154 ego
1901 4050 2071 4158 quisupra
2086 4067 2211 4140 selleota

799 4176 958 4251 benditris
981 4185 1045 4275 per'
1060 4183 1129 4275 ipsa
1156 4205 1226 4254 mea
1250 4180 1438 4254 benditione
1461 4163 1613 4255 similiter
1635 4183 1757 4278 reeepit
1779 4187 1920 4279 pretium
1940 4211 1998 4282 per
2020 4213 2211 4265 oonmnmm

795 4288 834 4378 et
860 4283 1033 4380 saumae
1063 4309 1142 4382 eree
1175 4309 1233 4383 nm
1268 4319 1300 4382 s
1330 4307 1501 4384 manent-
1532 4309 1607 4382 aar.
1631 4309 1715 4381 uest
1738 4336 1758 4383 a
1780 4333 1840 4385 vos
1864 4313 1923 4409 qur
1944 4337 2041 4410 supra
2064 4324 2210 4414 pm

795 4449 881 4510 'auro
899 4419 1044 4508 'solidos'
1064 4459 1168 4510 nonos
1199 4438 1362 4511 viranteos
1393 4437 1518 4510 decem.
1550 4437 1642 4509 stent
1670 4438 1765 4510 inter·
1778 4439 1873 4513 nobis
1896 4443 2060 4518 oombenit
2082 4448 2208 4521 linitam

796 4565 880 4637 bero
902 4553 1053 4659 pretium.
1070 4565 1117 4635 Ea
1142 4563 1261 4636 etenim
1274 4562 1411 4632 ·ratione
1434 4573 1598 4657 quatenus
1616 4565 1769 4638 ammodo
1793 4573 1826 4638 et
1849 4591 1977 4666 semper
1999 4595 2059 4645 ros
2079 4575 2139 4669 qui
2153 4597 2207 4650 su.

796 4687 855 4785 pra'
877 4693 975 4789 ligori
1001 4702 1033 4764 et
1056 4693 1180 4764 steiano
1203 4670 1404 4786 germanl'et
1428 4689 1542 4760 vestris
1571 4689 1744 4765 heredibus
1768 4693 1904 4770 firmiter
1927 4695 2045 4772 abeatis
2069 4711 2102 4772 et
2125 4725 2209 4796 pos-

796 4819 922 4892 sideatis
956 4821 1080 4915 integra
1114 4797 1296 4914 supradicta
1319 4827 1429 4888 nostra
1452 4817 1636 4892 benditione
1660 4832 1693 4892 et
1716 4819 1838 4894 faciatis
1862 4823 1980 4897 exinde
1994 4826 2113 4900 'omnia
2137 4851 2203 4924 qne
