4876 6520
1413 661 1492 756 (θ’
1517 661 1532 756 )

762 837 797 908 in
821 836 875 906 sia
899 832 1020 904 munda
1043 841 1076 903 et
1099 829 1217 902 inclitis
1241 825 1411 900 territoriis
1434 825 1475 897 dc
1497 824 1586 893 intus
1609 821 1704 890 laneo
1726 819 1761 888 in
1783 818 1857 888 loco
1880 815 1938 885 ubi
1961 815 2080 888 dicitnr
2094 840 2184 889 cam-

760 986 843 1058 pora
866 971 900 1032 et
922 969 1007 1029 terra
1032 959 1119 1028 toras
1146 963 1246 1050 ponte
1278 950 1414 1023 casalini
1445 947 1537 1041 aripa
1567 947 1608 1016 de
1636 945 1711 1038 ipsu
1738 942 1918 1016 carbonara
1947 941 1982 1012 in
2005 966 2071 1036 qna
2094 965 2182 1016 nnnc

763 1097 855 1157 ortus
878 1107 947 1156 esse
970 1083 1100 1153 videtur
1122 1089 1156 1149 et
1178 1087 1271 1149 curte
1294 1084 1327 1147 et
1350 1075 1446 1146 terris
1469 1072 1504 1142 in
1527 1073 1601 1145 loco
1623 1067 1773 1140 bitulanci
1797 1067 1855 1137 ubi
1878 1067 1998 1138 dicitnr
2014 1069 2054 1138 ad
2074 1077 2181 1138 tutum

762 1223 797 1284 et
819 1213 889 1306 ipsa
910 1217 1001 1280 curte
1024 1207 1065 1277 de
1087 1212 1198 1274 sancto
1220 1203 1378 1295 stephano
1400 1201 1442 1271 ad
1464 1198 1551 1271 scola
1566 1219 1662 1290 greca
1677 1205 1711 1266 et
1725 1196 1797 1290 ipso
1820 1202 1914 1290 prato
1929 1215 2007 1268 cnm
2021 1191 2104 1266 silba
2119 1194 2180 1265 sibi

762 1337 931 1408 coniuncta
956 1341 989 1404 et
1011 1329 1116 1400 tribus
1139 1326 1271 1398 molinis
1304 1348 1370 1419 qne
1402 1325 1485 1394 iacta
1512 1331 1588 1396 sunt
1605 1323 1641 1392 in
1664 1323 1735 1416 ipae
1758 1343 1844 1415 aqua
1866 1319 1908 1392 de
1931 1321 2003 1414 ipso
2026 1342 2126 1392 saone
2149 1321 2182 1392 in

762 1471 871 1536 monte
894 1457 1032 1532 marsico
1055 1465 1089 1528 et
1112 1454 1247 1528 ecclesia
1271 1463 1380 1524 sancte
1403 1454 1566 1525 fortunate
1586 1473 1652 1544 qne
1667 1473 1754 1522 nunc
1777 1451 1939 1522 desbacta
1962 1471 2031 1522 esse
2053 1450 2182 1522 videtur

761 1613 826 1684 que
848 1587 927 1668 olim
950 1593 1133 1658 constructa
1156 1584 1220 1654 luit
1242 1581 1336 1656 iuxta
1359 1581 1468 1653 lacum
1490 1579 1651 1675 patriense
1671 1602 1748 1651 cunr
1764 1575 1986 1672 vigintitribm
2009 1577 2127 1652 modiis
2144 1578 2182 1650 de

761 1713 856 1786 terris
879 1735 961 1809 quas
984 1735 1093 1806 preses
1117 1721 1151 1782 et
1173 1719 1277 1782 terras
1305 1716 1339 1782 et
1364 1707 1486 1780 molina
1512 1716 1545 1780 et
1574 1716 1706 1804 pratum
1736 1714 1770 1776 et
1798 1703 1896 1776 silvas
1917 1705 2179 1798 mpnmmtmu

763 1839 893 1910 domina
916 1838 1023 1908 alnara
1047 1834 1234 1930 principissa
1266 1857 1327 1928 per
1358 1855 1550 1906 conscissum
1579 1841 1613 1904 et
1642 1829 1825 1923 largitatem
1853 1827 1977 1900 domini
2006 1829 2178 1902 landenolfi

763 1965 898 2059 gloriosi
921 1962 1078 2057 principis
1101 1971 1134 2031 et
1156 1959 1281 2032 domini
1295 1959 1401 2054 gisolfi
1417 1959 1559 2030 liliorum
1574 1967 1709 2030 tuorum
1723 1958 1758 2028 in
1773 1955 1916 2050 predicta
1930 1955 2062 2026 ecclesia
2077 1957 2180 2026 sancti

762 2091 912 2167 laurentii
935 2091 1058 2184 inqua
1083 2090 1144 2160 deo
1167 2087 1343 2159 auxiliante
1365 2087 1538 2160 serbornm
1568 2087 1622 2158 dei
1651 2084 1825 2156 cenobium
1847 2082 2003 2154 ordinasti
2025 2081 2180 2154 onerant

763 2221 940 2292 secundnm
963 2221 1121 2290 ordinem.
1143 2241 1244 2312 quem
1259 2217 1424 2289 nominent
1447 2213 1634 2288 offertiones
1650 2214 1792 2286 eiusdem
1809 2211 1941 2285 ecclesie
1958 2233 2033 2282 cum
2050 2209 2101 2280 bis
2116 2221 2181 2282 ete·

764 2347 832 2415 uim
857 2353 989 2414 etcum
1014 2343 1085 2412 aliis
1109 2341 1261 2412 omnibus
1284 2342 1383 2412 rebus
1408 2339 1470 2411 sibi
1493 2338 1727 2433 pcrtinentibus
1750 2340 1791 2408 sit
1811 2337 1953 2432 predicta
1975 2336 2108 2408 ecclesia
2126 2336 2182 2406 ab—

761 2471 863 2543 solute
887 2469 987 2540 libera
1011 2479 1048 2537 nt
1072 2468 1273 2561 prediximus
1296 2467 1414 2538 amodo
1437 2477 1471 2538 et
1494 2469 1653 2560 deinceps.
1670 2467 1710 2536 ab
1734 2466 1826 2536 omni
1847 2465 2035 2536 condicione
2057 2463 2181 2535 trebie-

761 2592 931 2689 piscopalis
945 2592 1186 2664 dominationis.
1202 2591 1479 2686 quemadmodum
1487 2591 1578 2660 nullo
1593 2593 1673 2663 olim
1685 2602 1829 2684 tempore
1844 2589 1983 2686 quilibet
1996 2599 2181 2662 nostrornm

760 2745 984 2795 successorum
1007 2719 1268 2816 archipresulem
1290 2743 1348 2792 seu
1372 2721 1587 2792 sacerdotum
1602 2719 1656 2790 vel
1679 2720 1914 2815 cuiuscumque
1937 2722 2056 2814 gradus
2080 2721 2180 2793 cleri-

761 2873 875 2924 coram
899 2849 934 2921 in
959 2853 1072 2922 eadem
1096 2847 1230 2922 ecclesia
1263 2869 1320 2920 sen
1349 2848 1385 2918 in
1407 2847 1472 2918 illis
1495 2847 1724 2942 ecclesiisque
1748 2849 1779 2920 ei
1803 2847 1946 2920 subiecte
1970 2849 2090 2922 inerint
2112 2853 2179 2920 sive

759 3003 840 3073 quas
871 2987 1014 3051 rectores
1047 2977 1184 3072 predicti
1215 2974 1344 3047 cenobii
1375 2975 1412 3044 in
1442 2975 1540 3048 rebus
1572 2975 1704 3046 iamlate
1733 2974 1866 3046 ecclesie
1898 2985 1930 3046 et
1962 2975 2180 3049 edificaberint

762 3103 817 3174 vel
840 3103 1058 3172 contruserint
1081 3100 1204 3172 nnllam
1235 3101 1423 3172 dominandi
1456 3100 1620 3172 licentiam
1643 3100 1784 3172 habeant
1807 3101 1858 3171 sel
1882 3123 2015 3172 censum
2038 3100 2178 3196 aliquem

760 3235 817 3295 aut
841 3225 983 3294 reditum
1008 3226 1118 3317 exigat
1142 3224 1183 3295 de
1205 3225 1252 3298 eis
1275 3224 1328 3295 uel
1349 3225 1390 3295 de
1406 3225 1531 3294 cunctis
1555 3223 1757 3316 pertinentiis
1780 3247 1894 3296 earum
1917 3225 2062 3320 nullique
2085 3225 2177 3296 alteri

760 3353 893 3425 ecclesie
908 3353 1104 3424 subiaceant.
1120 3362 1169 3424 set
1191 3353 1227 3423 in
1249 3351 1317 3422 sola
1341 3359 1498 3446 potestate
1512 3349 1637 3422 abbatis
1651 3373 1709 3422 seu
1725 3353 1860 3423 rectoris
1883 3377 1981 3448 quem
1996 3377 2056 3447 per
2072 3377 2130 3424 vos
2146 3365 2178 3424 et

759 3504 817 3575 per
831 3489 954 3550 vestros
969 3479 1101 3552 heredes
1117 3481 1153 3551 in
1167 3481 1280 3552 eadem
1305 3479 1438 3552 ecclesia
1453 3483 1555 3550 sancti
1570 3479 1720 3550 laurentii
1737 3480 1851 3574 inqua
1867 3483 2099 3554 monasterium
2116 3483 2177 3553 deo

758 3605 889 3674 iubante
912 3603 1076 3676 ordinatus
1098 3605 1199 3675 inerit
1221 3627 1298 3675 cnm
1321 3603 1457 3696 integris
1480 3601 1551 3675 eius
1567 3604 1769 3698 pertinentiis
1785 3627 1839 3676 ens
1853 3607 1998 3678 subditas
2015 3631 2084 3678 esse
2102 3631 2177 3677 cen-

756 3753 872 3801 semus.
896 3753 936 3801 eo
960 3741 1043 3826 quot
1072 3731 1256 3823 predictum
1288 3729 1522 3802 monasterium
1550 3732 1585 3801 in
1608 3727 1743 3825 proprio
1766 3741 1875 3802 vestro
1899 3732 2067 3803 territorio
2090 3755 2174 3803 enn-

754 3857 925 3928 struxistis.
951 3857 1158 3928 concedimus
1190 3856 1289 3926 etiam
1318 3859 1441 3950 pretate
1472 3867 1579 3928 sancte
1602 3858 1737 3929 ecclesie
1760 3868 1797 3928 ut
1821 3857 1917 3928 abbas
1942 3859 2087 3930 eimdem
2109 3859 2171 3930 loci

756 3981 890 4074 eiusque
914 3981 1121 4074 congregatio
1144 3981 1273 4075 publice
1296 3989 1461 4077 peragant.
1481 3983 1696 4055 monasticum
1720 3983 1867 4056 ordinem
1891 3985 2069 4056 secundum
2093 3995 2173 4080 quot

754 4108 801 4178 eis
825 4117 911 4178 recte
935 4107 1041 4180 visum
1065 4109 1165 4180 fuerit
1188 4110 1228 4180 ad
1251 4109 1381 4183 landem
1404 4111 1456 4183 dei
1480 4111 1629 4182 ecclesias
1646 4135 1724 4183 aero
1739 4121 1927 4184 construere
1943 4122 1976 4184 et
1990 4109 2173 4188 reedificare

754 4243 791 4304 ut
814 4235 1014 4327 prediximus
1036 4237 1072 4308 in
1094 4237 1192 4309 rebus
1215 4237 1362 4311 eiusdem
1387 4238 1516 4312 cenobii
1540 4239 1662 4334 absque
1677 4241 1770 4312 omni
1793 4251 1902 4312 nostra
1921 4251 2173 4335 nostrorumque

754 4379 985 4430 successorum.
1009 4362 1235 4434 contrarietate
1251 4363 1303 4435 vel
1320 4362 1546 4441 molestatione
1560 4375 1747 4438 construere
1762 4375 1795 4438 et
1809 4365 1995 4438 reedificare
2011 4365 2174 4436 licentiam

753 4493 786 4556 et
810 4496 1001 4580 potestatem
1024 4489 1173 4564 habeant.
1189 4502 1222 4564 et
1245 4493 1434 4588 episcopum
1457 4515 1557 4588 quem
1578 4493 1751 4566 voluerint.
1767 4494 1944 4589 perducere
1959 4493 2029 4565 sire
2045 4495 2087 4564 ad
2103 4493 2174 4564 edi·

754 4615 892 4688 beandas
916 4616 1065 4688 ecclesias
1088 4620 1158 4692 siue
1180 4620 1222 4691 ad
1244 4619 1332 4692 aliud
1356 4623 1587 4718 quodcumque
1611 4624 1652 4694 ad
1677 4645 1759 4716 opus
1785 4621 1838 4693 dei
1861 4623 1980 4694 amodo
1995 4630 2028 4693 et
2043 4622 2079 4692 in
2095 4643 2171 4714 per-

756 4750 891 4834 petuum
914 4753 1105 4839 potestatem
1128 4746 1276 4820 babeant
1310 4747 1515 4821 concedimus
1549 4751 1647 4822 etiam
1675 4750 1928 4844 prelntesancte
1952 4746 2085 4818 ecclesie
2108 4746 2172 4815 ba-

751 4867 915 4958 ptismum.
941 4872 1050 4946 oleum
1076 4895 1156 4945 vern
1179 4883 1212 4944 et
1228 4875 1344 4946 crisma
1360 4884 1393 4947 et
1408 4875 1567 4946 firmmam
1587 4898 1647 4946 nos
1662 4883 1694 4946 et
1708 4875 1829 4969 posteri
1845 4871 1948 4944 nostri
1964 4871 2054 4944 nullo
2071 4871 2170 4942 modo

751 4993 893 5068 detinere
916 4998 969 5070 rel
992 5001 1211 5076 contradicere
1233 5003 1404 5078 sancimus.
1429 5013 1462 5077 et
1485 5005 1512 5076 si
1535 5004 1632 5076 abbas
1647 5002 1844 5078 ordinandus
1859 5005 1894 5076 in
1911 5003 2025 5078 eadem
2037 4999 2171 5074 ecclesia
