4876 6520
1418 607 1431 704 l
1457 619 1476 679 2
1502 613 1515 702 l

744 789 818 840 mus
841 765 969 840 licoutia
986 785 1046 838 uos
1069 773 1102 840 et
1124 765 1296 858 heredibus
1318 766 1437 839 nostris
1460 767 1520 840 tibi
1543 767 1675 864 tuisque
1698 768 1873 843 heredibus
1888 769 1961 842 illos
1977 770 2162 866 tollerepcr

746 894 872 966 nullum
896 894 1032 964 modum
1055 893 1150 964 doute
1177 901 1209 963 et
1226 890 1413 986 atinplentes
1436 893 1526 964 omui
1551 917 1656 966 annue
1680 907 1897 967 memoratum
1912 895 2164 990 responsaticum

748 1025 781 1088 et
803 1027 1019 1087 memoratum
1043 1013 1188 1086 usenium
1211 1037 1308 1110 super
1342 1015 1486 1110 legitur:
1523 1019 1658 1112 Insuper
1692 1020 1779 1090 stetit
1802 1020 1895 1093 uobis
1923 1030 1960 1093 ut
1984 1022 2012 1091 si
2036 1043 2165 1093 memo-

745 1153 853 1216 ratum
876 1143 1128 1238 responsaticum
1150 1164 1215 1212 uon
1239 1142 1429 1214 atduxeritis
1454 1153 1527 1236 post
1552 1145 1723 1216 festivitate
1748 1155 1854 1217 sancte
1882 1146 1985 1218 marie
2007 1147 2077 1219 dies
2092 1157 2166 1217 octo

746 1272 786 1342 dc
810 1277 924 1362 agusto
947 1268 1064 1340 mensis
1088 1277 1120 1337 et
1143 1290 1201 1336 uos
1225 1266 1324 1336 illunc
1347 1275 1380 1337 at
1403 1269 1639 1360 pignorandum
1664 1271 1846 1342 venerimus
1866 1280 1903 1342 lu
1929 1281 1962 1343 et
1989 1271 2162 1343 heredibus

746 1394 809 1465 tuis
833 1393 925 1464 nobis
948 1402 980 1463 et
1003 1402 1036 1460 at
1058 1391 1188 1461 caballis
1211 1390 1327 1461 nostris
1362 1394 1557 1464 manducare
1587 1404 1619 1465 et
1641 1394 1752 1466 bivero
1775 1396 1852 1466 dere
1884 1395 2024 1466 debeatis
2048 1407 2084 1467 ut
2106 1399 2166 1467 iu·

744 1529 830 1590 stum
853 1520 973 1590 luerisz
1000 1517 1131 1610 insuper
1154 1537 1214 1586 nos
1237 1525 1270 1586 et
1291 1515 1462 1586 heredibus
1485 1519 1604 1588 nostris
1627 1518 1688 1588 tibi
1713 1519 1841 1615 tuisque
1862 1519 2033 1594 heredibus
2048 1523 2165 1594 exinde
2179 1595 2195 1628 ο

746 1643 786 1713 ah
802 1642 891 1714 omni
906 1641 1048 1713 ommine
1066 1641 1221 1736 omnique
1238 1662 1373 1734 persona
1388 1663 1407 1709 a
1422 1639 1566 1734 portibus
1581 1641 1695 1713 militie
1711 1643 1986 1736 neapolitanorum
2003 1654 2035 1716 et
2051 1670 2069 1714 a
2084 1668 2165 1738 par-

743 1771 829 1842 tibus
860 1769 1134 1861 langubardorum
1165 1777 1321 1841 antestare
1344 1775 1377 1839 ol
1399 1767 1562 1840 defensare
1596 1767 1769 1839 debeamus
1793 1779 1826 1840 et
1853 1772 2048 1865 quaudoque
2073 1782 2109 1842 tu
2134 1783 2166 1843 et

743 1897 916 1970 heredibus
940 1896 1003 1967 tuis
1027 1896 1119 1966 nobis
1142 1897 1323 1988 nostrisque
1345 1894 1516 1966 heredibus
1533 1894 1604 1965 illos
1622 1895 1846 1968 abrenuntiare
1870 1899 2036 1970 volueritis
2060 1901 2165 1971 liceo-

745 2025 789 2096 tia
813 2025 955 2096 abeatis:
981 2023 1058 2118 quia
1082 2023 1127 2093 its
1150 2023 1243 2094 nohis
1265 2021 1375 2093 stetit:
1401 2022 1429 2092 si
1453 2032 1562 2092 eutem
1589 2043 1648 2092 nos
1673 2023 1724 2094 vel
1751 2023 1923 2095 heredibus
1943 2027 2059 2096 nostris
2073 2027 2165 2098 aliter

745 2152 914 2226 fecerimus
937 2153 978 2224 de
994 2151 1021 2222 is
1036 2151 1187 2222 omnihus
1202 2150 1387 2222 memoratis
1401 2173 1460 2244 per
1474 2151 1590 2247 quobis
1606 2151 1740 2222 modum
1756 2161 1812 2222 aut
1827 2152 2006 2223 summissis
2019 2153 2165 2247 personis

746 2289 822 2352 tuuc
845 2279 1057 2373 oouponimus
1080 2279 1139 2350 tibi
1163 2277 1291 2374 tuisque
1313 2277 1485 2350 heredibus
1520 2277 1592 2348 auri
1617 2277 1735 2348 solidos
1762 2277 1933 2350 duodecim
1962 2277 2166 2372 bythiauteos

745 2405 851 2476 etheo
873 2403 1017 2475 chartula
1032 2405 1074 2474 sit
1091 2406 1183 2476 firme
1207 2404 1324 2496 scripta
1340 2425 1398 2496 per
1412 2425 1525 2474 manus
1540 2401 1671 2474 iohanni
1688 2401 1850 2496 scriptoris
1871 2403 2028 2498 discipulo
2042 2405 2165 2477 donum

744 2529 841 2624 sergii
865 2529 1025 2602 tabulario
1047 2552 1105 2623 per
1129 2537 1307 2602 memorata
1332 2528 1505 2602 indictione
1530 2528 1561 2624 †

841 2654 906 2724 hoc
928 2653 1057 2746 signum
1074 2652 1229 2747 †manns
1252 2663 1431 2724 memorato
1454 2653 1598 2746 aligerno
1613 2655 1701 2748 quod
1725 2677 1788 2748 ego
1811 2677 1872 2748 pro
1888 2677 1929 2728 eu
1946 2655 2117 2750 subscripsi
2135 2657 2165 2753 †

758 2795 762 2806 ·
838 2776 870 2871 †
900 2787 989 2852 nro
1027 2788 1278 2852 oruounorc
1310 2761 1420 2852 co'b'is
1456 2777 1488 2874 †

755 2935 766 2946 ·
840 2903 872 2996 †
895 2925 957 2996 ego
981 2901 1135 2974 iohannes
1158 2902 1243 2974 lilius
1266 2903 1389 2973 domini
1412 2903 1531 2972 marini
1552 2904 1686 2994 prefecti
1711 2915 1744 2975 et
1767 2893 1908 2976 fortioris
1924 2907 2062 2980 civitatis
2084 2929 2164 2980 sur-

744 3031 867 3103 rentino
890 3043 1023 3123 rogatus
1047 3055 1065 3100 o
1090 3029 1305 3124 suprascripta
1328 3049 1464 3121 persona
1489 3027 1561 3100 tosti
1586 3029 1761 3125 subscripsi
1785 3032 1816 3128 †

838 3155 955 3248 †ego
978 3155 1138 3248 aligernus
1173 3153 1259 3224 lilius
1282 3151 1406 3224 domini
1440 3153 1555 3226 cesarii
1585 3167 1717 3251 rogatus
1739 3183 1757 3228 a
1780 3163 1995 3256 suprascripta
2026 3186 2163 3257 persona

744 3283 817 3350 testi
840 3277 1013 3371 subscripsi
1036 3275 1069 3371 †

841 3411 873 3497 †
895 3427 956 3498 ego
980 3405 1123 3476 marinus
1146 3401 1231 3476 lilius
1255 3403 1378 3476 domiui
1402 3407 1499 3502 sergii
1518 3417 1648 3500 rogatus
1665 3431 1683 3477 a
1699 3409 1912 3504 suprascripta
1936 3433 2071 3506 persono
2087 3417 2163 3487 testi

743 3529 914 3622 subscripsi
938 3526 969 3621 †

810 3658 867 3751 1†
891 3660 963 3752 Ego
985 3633 1110 3752 sergius
1132 3655 1307 3730 tabularius
1329 3657 1494 3754 Complevi
1518 3669 1551 3730 et
1574 3659 1697 3732 nlasolri
1713 3661 1764 3733 die
1780 3673 1812 3735 et
1830 3663 2004 3740 indictione
2028 3689 2158 3741 memo-

743 3793 811 3856 rata
835 3805 918 3855 noue
942 3781 974 3879 †
