4906 6520
1384 593 1528 719 (ras)

749 789 841 860 diana
867 794 950 860 terra
974 790 1143 860 memorati
1166 787 1352 858 monasterii
1375 787 1475 855 suncti
1499 785 1644 852 dimitri:
1669 791 1783 876 quarta
1809 781 1894 876 petia
1923 803 1987 875 que
2014 786 2170 856 nomina-

751 922 805 982 tur
838 913 1026 984 sambucam
1060 911 1189 982 coheret
1213 910 1274 980 siri
1299 908 1339 978 de
1363 928 1430 977 uno
1453 906 1552 976 latere
1584 913 1674 998 parte
1706 903 1943 997 septemtrionis
1977 916 2064 974 terra
2093 931 2171 978 mo-

751 1035 880 1107 nasterii
905 1037 1004 1107 saneti
1028 1035 1152 1106 dimitri
1185 1033 1278 1104 sicuti
1303 1032 1387 1100 inter
1411 1052 1444 1100 se
1468 1030 1550 1099 duos
1575 1027 1721 1098 terminis
1744 1028 1888 1098 exhnat:
1915 1029 2010 1100 etde
2034 1030 2097 1098 alio
2116 1033 2169 1100 la-

755 1173 823 1234 tere
848 1171 938 1252 parte
963 1157 1137 1229 meridiana
1161 1165 1246 1226 terra
1271 1165 1375 1225 vestra
1398 1151 1558 1220 bumbulo
1579 1147 1681 1220 saneti
1702 1149 1786 1242 petri
1812 1150 1908 1218 sitam
1937 1150 2026 1222 intus
2039 1176 2167 1222 merno-

756 1297 829 1356 retn
853 1293 958 1352 castro
981 1281 1076 1350 sicuti
1101 1279 1242 1348 interne
1265 1277 1347 1349 duos
1373 1274 1523 1345 termines
1546 1273 1690 1342 exfimt:
1717 1271 1840 1364 primus
1864 1272 2020 1346 terminus
2045 1277 2104 1368 qni
2125 1287 2173 1346 est

758 1414 854 1492 tintus
877 1410 911 1479 in
944 1415 1034 1498 parte
1070 1405 1244 1479 occidentis
1268 1404 1303 1474 in
1326 1403 1423 1496 pedes
1447 1405 1487 1474 de
1512 1409 1691 1472 castaneas:
1717 1407 1751 1470 et
1773 1401 1939 1492 quomodo
1970 1400 2058 1474 hedit
2081 1404 2173 1474 dire-

759 1548 846 1606 ctum
870 1536 906 1604 in
930 1533 1073 1606 seeundo
1098 1531 1250 1604 termines
1273 1531 1330 1624 qui
1346 1541 1402 1600 est
1424 1531 1522 1602 butus
1552 1538 1684 1622 aperte
1708 1525 1839 1599 orientis
1862 1527 1947 1598 iustu
1970 1529 2024 1598 uin
2047 1531 2173 1622 pastea

760 1661 799 1732 de
823 1681 889 1730 nno
913 1657 1016 1750 eapite
1042 1663 1131 1748 perte
1155 1654 1289 1724 orientis
1313 1663 1505 1725 memoratas
1530 1653 1582 1722 ria
1607 1650 1754 1744 publiea:
1780 1659 1813 1723 et
1829 1650 1868 1721 de
1882 1649 1949 1722 alin
1965 1651 2070 1744 capite
2085 1663 2173 1744 parte
2251 1685 2258 1694 ·

758 1784 930 1856 oueideutis
955 1791 1003 1852 est
1026 1779 1144 1852 montis
1168 1787 1275 1850 vestro
1299 1777 1469 1850 memorati
1492 1775 1593 1848 sumti
1616 1785 1648 1846 et
1672 1775 1861 1848 venerahilis
1885 1776 1985 1846 vestri
2008 1789 2174 1854 monaste-

759 1913 821 1981 rii:
850 1911 978 2004 quintas
1002 1907 1103 1998 petias
1124 1907 1166 1978 de
1191 1920 1293 1976 terras
1316 1928 1383 1999 que
1405 1904 1588 1977 nominetur
1611 1903 1798 1974 sambucam
1820 1903 2035 1998 coheretsivi¹
2052 1907 2093 1975 de
2107 1894 2193 1976 nno'

760 2041 859 2112 latere
881 2045 972 2130 parte
995 2033 1230 2127 septemtrionis
1256 2041 1340 2102 terra
1365 2031 1565 2102 omminibns
1585 2031 1626 2102 de
1641 2041 1821 2102 memorato
1843 2041 1948 2102 castro
1970 2033 2115 2124 puteoli:
2140 2041 2196 2104 et.

763 2161 803 2232 de
827 2161 890 2231 aiio
912 2157 1011 2232 latere
1034 2167 1124 2250 parte
1147 2155 1323 2228 meridiem
1348 2167 1432 2226 terre
1455 2155 1495 2225 de
1510 2155 1580 2226 aliis
1603 2151 1799 2226 ommin'drns
1823 2153 1875 2224 vel
1890 2153 1958 2222 aliis
1973 2154 2031 2248 qui
2046 2165 2079 2222 st
2095 2157 2176 2245 fines

762 2295 856 2360 sunt:
880 2284 920 2354 de
944 2305 1010 2354 uno
1034 2283 1137 2375 eapite
1161 2293 1250 2374 parte
1281 2280 1455 2354 occidentis
1480 2282 1532 2350 via
1556 2281 1703 2373 publiea:
1737 2288 1776 2350 et·
1801 2282 1843 2352 do
1865 2279 1930 2349 aiio
1953 2279 2057 2372 eapite
2079 2293 2173 2372 purte

764 2414 897 2486 omentis
920 2417 1005 2483 terra
1030 2411 1070 2480 de
1094 2395 1168 2480 aliis
1189 2409 1385 2482 omminibus
1410 2407 1462 2479 vel
1485 2410 1555 2479 aliis
1570 2410 1628 2503 qni
1643 2417 1675 2478 at
1692 2411 1771 2480 fines
1795 2416 1887 2478 sunt:
1917 2417 2007 2478 sexta
2031 2409 2130 2500 petias
2145 2421 2179 2478 at

767 2539 831 2610 illis
855 2535 1025 2608 erroribus
1048 2535 1139 2628 quod
1161 2543 1211 2604 est
1233 2533 1396 2626 corrigie:
1423 2532 1553 2603 coheret
1575 2534 1637 2605 sivi
1661 2535 1701 2604 de
1725 2557 1791 2606 uno
1814 2534 1912 2605 latere
1927 2543 2018 2626 parte
2033 2544 2176 2625 septem·-

767 2665 880 2736 trinnis
905 2671 991 2734 terre
1014 2661 1182 2731 memorati
1206 2661 1392 2732 monasterii
1414 2664 1514 2732 sancti
1538 2661 1657 2732 dimitri
1680 2662 1774 2732 sicuti
1797 2663 1881 2731 inter
1895 2683 1931 2730 se
1946 2658 2091 2728 terminis
2114 2679 2178 2728 ex-

752 2790 867 2858 ·finet:
893 2801 926 2856 et
949 2787 989 2856 de
1013 2784 1077 2854 alio
1101 2781 1200 2855 istem
1222 2793 1313 2875 perte
1336 2784 1510 2856 meridiana
1536 2795 1621 2854 terra
1646 2783 1832 2856 monasterii
1844 2790 1955 2856 sancte
1969 2782 2071 2854 merie
2088 2780 2178 2873 puel·

767 2913 871 2984 larum
904 2903 971 2980 dei'
990 2907 1089 2980 sitnm
1114 2915 1147 2976 at
1172 2905 1277 2982 sibine
1300 2907 1395 2976 sieuti
1418 2907 1503 2978 inter
1526 2929 1560 2976 se
1584 2907 1727 2978 terminis
1751 2907 1889 2978 exfinat:
1920 2905 1961 2979 de
1985 2925 2053 2976 uno
2076 2904 2178 2996 eapite

768 3045 860 3129 parte
883 3031 1017 3106 orientis
1041 3039 1088 3104 set
1111 3031 1247 3103 montis:
1272 3041 1306 3102 et
1329 3032 1369 3102 de
1393 3031 1457 3100 ulio
1480 3015 1585 3122 cipite
1607 3039 1698 3121 parte
1712 3028 1885 3100 occidentis
1901 3035 1949 3098 est
1964 3027 2073 3098 silice:
2100 3047 2180 3121 quas

769 3185 849 3232 uero
873 3170 1065 3230 memoratos
1090 3181 1149 3228 sex
1171 3159 1271 3250 peties
1294 3158 1335 3228 de
1358 3167 1551 3228 memoratas
1574 3165 1675 3226 terres
1699 3167 1736 3228 nt
1759 3179 1855 3248 super
1879 3155 1998 3247 legitur
2013 3155 2107 3228 nohis
2122 3177 2180 3224 no-

699 3263 700 3267 *
770 3287 910 3379 suisque
934 3285 1106 3356 heredibus
1128 3283 1286 3354 dedistitis
1311 3283 1498 3354 terraticum
1523 3293 1555 3352 nt
1579 3283 1794 3357 detinendum.
1827 3285 1865 3355 in
1888 3307 1928 3358 eo
1952 3294 2065 3356 tenore
2089 3293 2125 3354 ut
2149 3281 2182 3352 in

773 3422 881 3485 nostra
905 3414 1096 3506 nostrisque.
1115 3411 1286 3483 heredibus
1300 3411 1342 3480 sit
1365 3419 1518 3502 potestate
1535 3412 1666 3486 tenendi·
1679 3403 1712 3490 ¹et
1728 3411 1915 3486 dominandi
1929 3435 1987 3484 seu
2002 3414 2182 3484 seminandi

773 3552 806 3610 et
829 3561 926 3632 super
938 3559 998 3608 nos
1013 3535 1220 3628 reoolligendi
1234 3535 1329 3606 unde
1351 3533 1472 3604 nnllam
1489 3543 1586 3627 ‘parte
1602 3533 1693 3606 nobis
1708 3535 1907 3628 nostrisque:
1925 3535 2099 3608 heredibus
2115 3559 2180 3606 non

773 3659 914 3764 quentis
929 3687 988 3760 per
1004 3665 1131 3736 arritum
1152 3663 1306 3757 modumjr
1326 3663 1548 3734 tantummodo
1571 3661 1662 3737 omni
1686 3686 1791 3736 annue
1815 3685 1875 3738 uos
1889 3672 1922 3736 et
1936 3665 2109 3738 heredibus
2125 3687 2183 3736 no-

774 3791 847 3862 stris
870 3790 961 3861 vobis
985 3788 1185 3881 vestrisque:
1219 3786 1355 3878 posteris
1377 3795 1411 3856 et
1434 3785 1468 3854 in
1491 3769 1671 3858 memorato
1694 3765 1802 3858 saneto
1823 3797 1859 3857 et
1881 3787 2058 3858 venerabili
2080 3795 2185 3858 vestro

774 3915 1069 3989 monasterindnre
1093 3922 1129 3983 et
1148 3913 1299 3982 e‘tdneem
1322 3911 1508 3995 debeamus¹
1524 3935 1583 4005 per
1607 3913 1778 3986 testivitate
1802 3926 1909 3988 saneto
1932 3915 2033 3984 marie
2057 3915 2099 3986 de
2123 3937 2188 3984 eu-

765 4051 871 4134 ‘gnsto
894 4063 1014 4112 menso.
1043 4043 1127 4111 idest
1150 4040 1339 4110 terratioum
1361 4037 1484 4108 bonnm
1505 4037 1626 4108 siecum
1653 4039 1694 4108 de
1718 4038 1807 4130 qnod
1829 4037 1950 4110 ibidem
1973 4037 2189 4112 seminaveri-

712 4189 720 4203 ·
778 4189 850 4238 mus
871 4167 914 4236 de
937 4157 1001 4236 tres
1036 4165 1137 4258 petias
1160 4163 1201 4232 dd
1235 4163 1401 4254 puplicum
1428 4161 1549 4253 primm
1572 4160 1673 4253 petias
1705 4160 1885 4234 nominatas
1908 4159 2027 4232 asilus
2060 4161 2186 4232 arvoris

779 4293 916 4364 secunde
938 4301 973 4361 et
995 4289 1088 4360 tertie
1109 4289 1211 4382 petias
1234 4289 1412 4358 nominatas
1436 4296 1469 4357 at
1501 4285 1555 4358 itis
1579 4285 1688 4358 nlius:
1722 4297 1756 4358 et
1786 4286 1863 4360 alies
1887 4297 1950 4360 tres
1973 4287 2071 4379 peties
2097 4285 2190 4358 uobis

780 4421 978 4512 vestrisque:
1004 4417 1143 4510 posteris·
1160 4417 1237 4493 dare
1260 4415 1431 4487 dommus
1455 4415 1642 4484 terraticum
1658 4415 1699 4484 de
1715 4415 1779 4486 dua
1802 4415 1911 4486 morlia
1936 4415 2190 4490 medianum

733 4547 735 4553 ’
779 4546 868 4641 qnod
900 4543 1030 4614 ibidem
1052 4539 1308 4612 seminavimmus
1339 4538 1482 4608 insimul·
1505 4545 1643 4608 trmtmn
1667 4547 1815 4630 paratum
1840 4560 1963 4632 unques
1987 4538 2076 4610 intus
2100 4547 2191 4630 paru

785 4659 955 4744 memorati
978 4669 1079 4740 saneti
1104 4679 1137 4738 et
1169 4665 1360 4744 venerahilis
1392 4667 1490 4736 vestri
1521 4665 1708 4738 monasterii
1739 4676 1960 4738 mensuratum
1984 4667 2026 4738 ad
2048 4666 2193 4737 modium

782 4795 876 4887 quate
899 4812 957 4872 vos
980 4793 1130 4866 tulleritis
1153 4773 1230 4863 alias
1253 4789 1417 4860 terratieas
1440 4790 1508 4864 sins
1533 4813 1629 4866 omne
1653 4789 1895 4862 amaricatione:
1922 4801 1956 4864 et
1981 4811 2050 4864 non
2072 4791 2195 4864 abeatis

781 4919 908 4989 dicentia
922 4941 988 4992 nos
1020 4920 1210 5013 et‘posteris
1235 4917 1347 4990 vestris
1370 4917 1686 5028 nobisnostrisqne:
1712 4918 1883 4990 heredibus
1904 4919 1978 4990 illos
2003 4919 2113 4991 tollere
2136 4939 2196 5012 per
