4906 6520
906 685 1057 780 (aas)

282 840 396 912 restris
420 839 510 934 quod
534 837 616 910 absit
639 837 760 909 abeatis
784 839 903 911 exinde
926 841 1100 936 aliqnando
1117 861 1324 936 quacumque
1341 841 1551 934 requisitione
1569 852 1624 914 aut
1639 866 1711 915 mo-

279 967 371 1040 lestia
405 993 424 1038 a
457 989 545 1037 nunc
577 975 609 1037 et
632 969 667 1038 in
691 969 854 1062 perpetuis
886 969 1110 1062 temporibus:
1145 969 1279 1063 Insuper
1311 969 1571 1062 omnitempore
1595 993 1653 1040 nos
1677 981 1710 1042 et

279 1091 453 1166 heredibus
476 1094 597 1163 nostris
620 1093 715 1166 vohis
737 1096 921 1190 vestrisque
943 1095 1118 1169 heredibus
1143 1095 1261 1166 exinde
1285 1094 1325 1164 ab
1349 1095 1441 1165 omni
1464 1095 1610 1166 ommine
1635 1119 1708 1165 om-

276 1222 377 1316 nique
401 1223 548 1315 personis
571 1223 606 1292 in
628 1223 782 1294 omnihus
811 1231 968 1293 antestare
992 1231 1025 1292 et
1050 1225 1215 1294 defensare
1245 1223 1433 1294 debeamus:
1457 1225 1704 1320 propterquod

277 1348 396 1420 exinde
421 1347 605 1444 accepimus
628 1371 647 1416 a
671 1346 766 1418 vobis
788 1347 872 1418 idest
894 1346 967 1418 auri
991 1347 1111 1418 solidos
1134 1348 1254 1420 nobem
1274 1349 1314 1420 de
1329 1351 1392 1418 tari
1409 1373 1469 1419 ana
1487 1359 1627 1444 quatuor
1642 1351 1705 1422 tari

274 1497 334 1570 per
364 1473 486 1544 solidos
519 1474 603 1546 sicut
627 1475 713 1545 inter
740 1473 834 1545 nobis
859 1469 1064 1580 combenitc,
1084 1473 1170 1574 unde
1199 1495 1262 1565 ego
1286 1483 1464 1544 memorata
1489 1497 1572 1544 anna
1595 1475 1704 1567 recepi

232 1623 237 1630 ·
276 1602 340 1674 tari
363 1602 449 1673 nobe
473 1611 506 1672 et
530 1624 589 1673 vos
613 1612 794 1674 memorato
817 1613 911 1697 petro
934 1599 1149 1694 compertario
1172 1607 1205 1670 et
1228 1623 1358 1693 gemma
1381 1602 1506 1695 iugales
1522 1605 1703 1696 recepimus

276 1729 339 1800 tari
370 1729 605 1823 vigintisepte:
637 1731 664 1800 si
696 1739 806 1802 autem
839 1753 899 1802 nos
927 1739 984 1800 aut
1008 1726 1180 1800 heredibus
1203 1728 1323 1798 nostris
1347 1728 1441 1799 aliter
1464 1731 1637 1803 fecerimus
1662 1733 1702 1802 da

275 1855 327 1928 his
350 1857 500 1928 omnibus
523 1857 711 1929 memoratis
735 1866 772 1927 nt
795 1877 894 1948 super
917 1855 1037 1946 legitur
1060 1877 1118 1946 per
1141 1852 1258 1947 quobis
1283 1853 1419 1926 modum
1443 1863 1500 1924 aut
1516 1855 1699 1928 summissis

273 1979 420 2070 personis
445 1985 522 2050 tune
546 1978 774 2072 componimus
807 1979 900 2050 vobis
924 1977 1104 2070 vestrisque
1128 1976 1301 2049 heredibus
1325 1978 1397 2048 auri
1421 1977 1541 2048 solidos
1565 1980 1699 2071 triginta

272 2105 476 2200 bythianteos
500 2115 533 2178 et
556 2133 594 2178 ec
618 2107 765 2179 chartula
787 2105 982 2178 venditionis
1005 2114 1043 2175 ut
1066 2129 1163 2201 super
1186 2107 1307 2198 legitur
1325 2108 1368 2178 sit
1382 2107 1475 2177 firma
1497 2109 1616 2200 scripta
1640 2132 1702 2201 per

273 2251 408 2300 manum
439 2228 590 2302 iohannis
624 2231 761 2303 curialis
785 2255 845 2325 per
874 2241 1055 2303 memorata
1086 2229 1264 2302 indictione
1288 2229 1320 2324 †
1343 2231 1406 2302 hoc
1429 2231 1559 2324 signum
1583 2229 1615 2324 †
1637 2255 1709 2302 ma·

272 2381 334 2430 nus
356 2369 553 2430 memoratos
576 2367 671 2453 petro
695 2359 909 2452 campertario
934 2368 967 2430 et
990 2379 1118 2452 gemma
1142 2357 1267 2451 iugales
1291 2357 1421 2450 signum
1440 2355 1471 2450 †
1495 2381 1610 2428 manus
1627 2383 1697 2430 rne-

270 2497 412 2558 morates
434 2507 518 2555 anna
540 2484 606 2556 hoc
629 2494 677 2554 est
701 2487 862 2579 germanis
886 2484 1112 2577 seu'cognatis
1135 2493 1315 2554 memorata
1339 2505 1423 2552 anna
1446 2507 1522 2552 cum
1538 2506 1697 2555 consensu

270 2611 444 2681 memorati
467 2610 552 2702 petri
576 2607 989 2713 centimnlariiposteriori
1012 2605 1078 2680 viri
1101 2606 1153 2678 sui
1177 2606 1267 2700 quod
1292 2627 1354 2698 ego
1377 2629 1439 2698 pro
1457 2607 1503 2681 eis
1521 2606 1700 2702 subscripsi

209 2825 213 2834 .
272 2747 305 2805 et
327 2735 526 2806 memoratos
550 2737 672 2807 solidos
696 2737 830 2807 traditos
854 2737 923 2808 vidi
947 2735 979 2830 †

306 2855 312 2866 ’
366 2856 397 2952 †
420 2883 483 2953 ego
506 2859 631 2952 sergius
654 2859 740 2935 filius
772 2861 896 2933 domini
927 2861 1077 2932 iohannis
1099 2871 1233 2954 rogatus
1257 2887 1275 2932 a
1299 2860 1518 2954 suprascripta
1542 2881 1697 2953 personas

270 2971 345 3061 testi
369 2989 546 3084 subscripsi
570 2999 603 3061 et
626 2990 845 3082 suprascripto
868 2990 989 3062 sohdos
1013 2992 1149 3062 traditos
1171 2989 1287 3084 bidi†

364 3129 395 3208 †
419 3137 482 3207 ego
505 3114 661 3190 iohannes
696 3115 782 3188 filius
815 3113 941 3186 domini
964 3115 1079 3186 stefani
1103 3124 1235 3208 rogatus
1259 3139 1277 3184 a
1302 3116 1519 3207 suprascripta
1544 3099 1697 3206 personas

269 3239 344 3309 testi
367 3239 541 3332 subscripsi
565 3249 598 3310 et
620 3238 841 3331 suprascripto
866 3237 987 3311 solidos
1010 3238 1146 3309 traditos
1169 3237 1239 3310 bidi
1263 3236 1293 3330 †

362 3363 393 3458 †
417 3387 479 3456 ego
501 3371 613 3457 petrau
645 3363 732 3438 iilius
759 3363 899 3434 dornini.
916 3363 1062 3456 gregorii
1088 3371 1222 3456 rogatus
1256 3389 1275 3433 a
1298 3364 1516 3458 suprascripta
1539 3387 1692 3458 personas

268 3494 341 3564 testi
364 3493 539 3586 subscripsi
562 3503 595 3566 et
618 3493 855 3588 suprascriptos
879 3492 998 3565 solidos
1022 3493 1158 3563 traditos
1182 3490 1250 3561 bidi
1273 3490 1304 3585 †

311 3680 315 3688 .
361 3617 393 3716 †
416 3617 490 3713 Ego
504 3616 661 3694 iohannes
676 3617 815 3692 curiata
834 3617 1002 3710 Complevi
1017 3625 1051 3686 et
1065 3615 1188 3687 absolvi
1203 3639 1262 3710 per
1277 3614 1690 3710 memorataindr'ctione†
