4876 6520
1372 603 1388 693 (
1415 611 1457 671 ¹⁰
1477 600 1489 696 t

719 786 802 860 capu
826 771 912 836 terra
937 764 977 836 de
1000 760 1208 856 suprascripti
1231 757 1290 834 filii
1312 757 1461 831 bitnbanci
1484 767 1517 832 et
1539 759 1616 852 godi
1639 757 1816 852 presbiteri.
1840 755 1913 827 abet
1937 777 1993 848 per
2013 755 2139 850 singula

718 889 821 984 capita
846 909 904 981 per
927 883 1108 958 trabemum
1130 883 1214 978 paesi
1237 883 1480 980 quinquaginta.
1503 881 1623 968 Quinta
1639 884 1724 977 petia
1739 880 1780 954 de
1795 903 1863 953 unu
1879 881 1946 953 latu
1962 882 2002 952 de
2018 903 2140 974 snpra-

718 1013 829 1108 scripti
851 1011 911 1084 fibi
934 1010 1083 1084 bitnlacci
1107 1009 1173 1084 aliu
1191 1009 1259 1082 latu
1282 1017 1368 1082 terra
1392 1009 1432 1085 de
1455 1007 1513 1084 filii
1537 1007 1650 1078 almari
1674 1006 1746 1078 abet
1766 1029 1823 1100 per
1839 1006 1965 1100 singula
1988 1005 2088 1078 latera
2105 1007 2140 1078 in

719 1144 856 1236 longum
879 1160 989 1236 maana
1011 1137 1223 1234 quadraginta
1254 1145 1328 1209 tren
1352 1159 1421 1212 uun
1444 1157 1528 1231 capu
1556 1145 1642 1206 tenet
1671 1134 1706 1206 in
1730 1133 1785 1205 bia
1807 1133 1946 1228 publica.
1969 1131 2043 1206 abet
2066 1135 2141 1206 inde

718 1293 777 1364 per
801 1269 981 1342 bubonum
1004 1287 1112 1361 paasoa
1119 1307 1366 1336 ...........
1372 1261 1438 1333 cim
1461 1272 1495 1336 et
1518 1260 1674 1340 medium.
1699 1260 1765 1335 aliu
1788 1282 1871 1354 capu
1894 1269 1981 1332 tenet
2003 1260 2140 1333 interra

720 1396 811 1470 corbi
842 1395 915 1466 abet
949 1393 1023 1465 inde
1057 1413 1115 1486 per
1148 1389 1327 1463 nabunnm
1358 1390 1442 1484 panai
1474 1387 1590 1484 biginti
1622 1410 1739 1462 unum.
1774 1389 1871 1460 Sexta
1903 1386 1988 1482 petia
2019 1387 2139 1460 dicitur

721 1544 837 1616 campu
859 1519 960 1614 longn
983 1517 1056 1592 finis
1080 1517 1154 1592 abet
1176 1518 1216 1590 de
1239 1539 1310 1590 unu
1332 1517 1401 1589 latu
1423 1525 1509 1588 terra
1531 1515 1573 1590 de
1596 1513 1655 1590 titii
1679 1515 1800 1589 audobi
1809 1563 1961 1587 .......
1993 1524 2030 1586 tn
2054 1524 2140 1586 terra

720 1671 784 1744 qne
806 1645 1066 1742 comparabimus
1089 1666 1148 1716 noa
1173 1643 1232 1742 qni
1254 1665 1351 1740 anpra
1373 1644 1457 1738 petri
1488 1655 1522 1716 et
1547 1643 1626 1717 sami
1656 1644 1772 1738 angelo
1794 1653 1827 1715 et
1850 1641 1958 1714 martii
1982 1641 2055 1714 abet
2077 1663 2137 1735 per

721 1775 847 1870 ringula
870 1774 969 1847 latera
991 1775 1027 1847 in
1050 1773 1186 1868 longum
1209 1771 1293 1868 pansi
1314 1771 1480 1866 maaginta
1503 1779 1667 1868 quattuor.
1696 1795 1764 1844 nnn
1778 1793 1870 1866 capn
1893 1771 1945 1842 bia
1969 1773 2043 1844 inde
2066 1771 2138 1845 abet

722 1922 832 1994 pannea
839 1947 1159 1971 ..............
1190 1898 1307 1991 scripta
1329 1899 1415 1992 petia
1439 1907 1471 1970 et
1494 1909 1578 1970 terra
1602 1897 1642 1970 de
1665 1897 1724 1972 filii
1748 1897 1885 1970 adenolfi
1908 1897 2035 1968 notarii.
2067 1897 2155 1968 inde·

722 2025 795 2096 abet
816 2023 899 2118 paeni
922 2021 1037 2117 biginti
1061 2030 1223 2118 quattuor.
1247 2021 1388 2116 Septima
1410 2021 1495 2116 petia
1518 2019 1628 2116 ibique
1651 2021 1692 2093 de
1708 2043 1776 2093 unu
1791 2021 1858 2092 latu
1875 2021 1947 2094 finia
1962 2021 2034 2093 abet
2051 2031 2152 2094 terra·

722 2151 881 2247 gualpcrti
905 2161 938 2224 et
960 2151 1078 2222 minuti
1101 2149 1166 2222 aliu
1189 2150 1258 2222 latu
1265 2198 1512 2225 ...........
1535 2149 1671 2222 adenolfi
1694 2149 1811 2222 notarii
1835 2149 1908 2222 abet
1931 2172 1987 2244 per
2010 2139 2142 2246 pinguia

721 2275 821 2347 latera
853 2277 887 2348 in
918 2275 1052 2372 longum
1084 2276 1170 2371 passi
1203 2273 1416 2369 qnadraginta
1448 2283 1481 2346 et
1507 2273 1625 2346 nobem
1652 2295 1722 2346 nnn
1744 2295 1827 2367 aapn
1850 2283 1937 2348 tenet
1964 2273 1999 2344 in
2022 2295 2144 2366 aupra-

722 2403 838 2497 acripta
860 2412 950 2475 sexta
973 2403 1071 2497 petia.
1097 2405 1172 2474 inde
1196 2401 1270 2473 abet
1291 2401 1375 2496 panai
1398 2402 1667 2496 quattuordecim.
1696 2400 1763 2474 aliu
1792 2423 1873 2498 capu
1898 2411 1982 2476 terra
2012 2404 2052 2474 da
2085 2403 2143 2474 filii

720 2531 786 2601 bon
793 2576 1000 2602 ..........
1011 2529 1095 2623 panai
1118 2529 1260 2602 aidccim.
1289 2527 1412 2601 Octnba
1434 2527 1519 2623 petia
1543 2551 1645 2624 propa
1668 2529 1799 2601 eeclesia
1823 2539 1929 2602 nancta
1953 2531 2055 2602 marie
2078 2553 2144 2626 que

722 2659 795 2731 abet
818 2659 891 2731 finis
905 2659 946 2732 de
961 2679 1032 2730 unu
1053 2657 1122 2730 latu
1145 2657 1208 2732 fine
1230 2669 1316 2728 terra
1331 2657 1372 2730 da
1395 2655 1601 2750 suprascripti
1624 2654 1683 2728 filii
1706 2655 1853 2728 bitalacci
1877 2655 1942 2728 aliu
1966 2655 2032 2726 latu
2057 2666 2142 2727 terra

722 2786 763 2856 de
786 2785 844 2858 fibi
866 2783 1087 2880 iobemprandi
1109 2793 1141 2855 et
1163 2795 1249 2856 terra
1272 2784 1484 2878 suprascripte
1507 2783 1639 2856 ecclesia
1648 2829 1822 2856 ........
1842 2784 2056 2878 suprascripte
2082 2805 2145 2856 ec-

722 2913 825 2986 clesie.
855 2913 921 2984 alin
954 2935 1036 3008 capu
1064 2913 1243 3006 subscripta
1274 2915 1361 3008 petia
1392 2924 1426 2986 et
1457 2923 1543 2984 terra
1571 2913 1684 2986 aellicti
1717 2913 1790 2986 abet
1813 2935 1870 3008 per
1892 2913 2017 3007 singula
2041 2913 2141 2986 latera

721 3059 830 3131 pannos
853 3039 1086 3133 qninquaginta
1110 3061 1179 3110 nex.
1205 3048 1239 3109 et
1261 3061 1319 3132 per
1342 3038 1467 3132 ainguba
1491 3039 1595 3132 capita
1621 3059 1677 3134 per
1697 3039 1875 3112 urbanum
1890 3061 1997 3134 pasena
2011 3039 2139 3135 biginti.

724 3163 816 3232 Nona
839 3163 924 3256 petia
948 3163 1057 3258 ibique
1081 3164 1121 3234 de
1144 3187 1212 3235 unu
1222 3213 1446 3237 ..........
1465 3165 1577 3236 minici
1605 3167 1738 3260 gennari
1761 3167 1826 3238 aliu
1850 3176 1885 3237 tu
1908 3177 1993 3240 terra
2017 3167 2057 3240 de
2082 3189 2145 3240 au-

724 3285 891 3381 prascripti
916 3286 975 3358 arn
999 3285 1146 3358 bitnlacci
1178 3295 1211 3359 et
1243 3287 1428 3362 rebnlbente
1459 3309 1562 3382 nsque
1591 3289 1626 3359 in
1657 3297 1767 3361 monte
1797 3289 1910 3362 abente
1934 3311 1992 3383 per
2014 3290 2141 3384 ringula

725 3413 824 3485 latera
848 3413 883 3483 in
906 3413 1041 3508 longum
1064 3436 1172 3509 passos
1195 3425 1325 3488 centum
1349 3415 1460 3488 decem
1484 3436 1553 3487 unu
1575 3437 1658 3510 capu
1680 3417 1893 3509 suprascripta
1917 3415 2028 3485 octaba
2054 3415 2140 3508 petia

727 3541 803 3612 inde
826 3539 898 3612 abet
920 3542 1004 3634 panai
1028 3541 1175 3614 sedecim.
1200 3541 1266 3614 ab'u
1289 3564 1372 3636 capu
1395 3553 1506 3613 monta
1528 3543 1601 3616 abet
1625 3543 1699 3614 inde
1723 3563 1830 3636 pasena
1854 3541 1978 3636 biginti.
2010 3543 2145 3618 Decima

727 3661 812 3756 petia
834 3661 947 3757 ibique
961 3663 1002 3736 de
1016 3687 1084 3735 nnn
1108 3663 1176 3734 batn
1191 3673 1223 3736 et
1239 3687 1308 3738 nnu
1332 3689 1416 3760 capu
1437 3676 1523 3738 terra
1538 3665 1579 3739 de
1595 3667 1801 3760 suprascripti
1818 3667 1874 3740 filii
1891 3665 2050 3739 bitolaeci.
2075 3669 2141 3739 alin

725 3786 794 3858 latu
817 3795 903 3858 terra
926 3787 1081 3859 audolini.
1108 3787 1175 3861 alin
1198 3809 1281 3886 capu
1304 3799 1390 3863 terra
1414 3791 1546 3864 ecclesie
1569 3799 1676 3864 uncte
1700 3802 1844 3886 reparate
1876 3793 1949 3864 abet
1978 3815 2035 3886 per
2068 3793 2166 3865 sin-2·

726 3914 801 4007 gula
824 3914 922 3986 latera
946 3914 981 3986 in
1003 3913 1138 4010 longum
1161 3937 1270 4010 passae
1292 3919 1439 3991 sedeam.
1463 3928 1496 3990 et
1510 3940 1568 4013 per
1583 3919 1709 4012 singula
1725 3919 1828 4012 capita
1845 3919 1917 3991 abet
1932 3941 2040 4012 passos
2056 3929 2141 3991 octo.

726 4041 901 4112 Undecima
925 4041 1010 4134 petia
1032 4042 1134 4114 tundo
1156 4044 1314 4138 propincn
1336 4043 1551 4138 suprascripta
1574 4043 1707 4117 eeclesia
1730 4055 1838 4115 nancte
1861 4045 1963 4114 marie
1986 4067 2051 4138 que
2067 4043 2143 4116 abet

728 4167 801 4238 tinia
824 4167 865 4238 de
888 4189 957 4238 unu
980 4167 1048 4239 batn
1072 4177 1156 4242 tarra
1181 4173 1220 4241 de
1235 4169 1302 4242 -fiui
1326 4170 1480 4264 arniperti
1503 4169 1576 4241 abet
1599 4171 1673 4244 inde
1694 4170 1878 4265 inlongam
1901 4193 2010 4264 paeana
2035 4193 2143 4242 nona-

729 4291 831 4384 ginta.
857 4291 922 4361 ab'u
945 4291 1012 4362 latu
1036 4300 1122 4365 terra
1146 4303 1254 4364 nostra
1287 4293 1347 4390 qni
1380 4315 1477 4388 anpra
1509 4293 1591 4387 petri
1615 4303 1648 4364 et
1671 4293 1749 4365 sanai
1773 4303 1806 4364 et
1829 4303 1937 4364 nosba
1960 4293 2018 4389 qni
2041 4315 2139 4388 anpra

729 4417 787 4488 fibi
812 4418 895 4490 mari
918 4425 952 4492 et
968 4419 1025 4490 filii
1040 4417 1172 4492 iohanni
1188 4443 1254 4515 qne
1269 4431 1485 4516 comparatam
1501 4420 1642 4495 memus.
1658 4419 1732 4494 abet
1748 4421 1822 4494 inda
1837 4421 1870 4492 in
1887 4420 2020 4516 longum
2037 4443 2146 4515 pasena

730 4541 922 4634 octuaginta.
947 4565 1014 4614 unu
1039 4519 1122 4636 capu
1147 4553 1232 4616 tanat
1255 4545 1289 4616 in
1312 4543 1364 4616 bia
1388 4545 1527 4639 publica.
1557 4545 1630 4617 abet
1651 4547 1725 4618 inde
1748 4569 1806 4640 per
1830 4545 2008 4616 trabernum
2034 4567 2142 4639 passos

729 4664 898 4737 deremet
921 4678 996 4737 octo
1019 4667 1130 4760 gubita
1154 4669 1227 4742 dua.
1252 4667 1322 4742 aliu
1338 4691 1421 4766 capn
1436 4679 1520 4744 terra
1537 4669 1669 4744 ecclesie
1692 4672 1794 4742 nancti
1817 4671 1964 4764 nigandri
1983 4669 2057 4741 inde
2072 4669 2144 4742 abet

728 4811 837 4881 pannos
860 4791 1000 4863 sedecim
1024 4792 1134 4886 gnbita
1159 4795 1234 4864 dua.
1262 4795 1462 4868 nuodecima
1486 4796 1570 4890 petia
1594 4795 1713 4869 dicitnr
1732 4795 1774 4868 ad
1790 4793 1920 4866 cicaluni
1936 4795 1978 4867 de
1993 4817 2061 4865 nnn
2076 4794 2144 4865 latu

729 4925 812 4984 terra
837 4913 967 4985 iohanni
993 4917 1126 4992 summi.
1153 4916 1217 4988 abin
1241 4917 1309 4988 latu
1334 4929 1418 4989 terra
1442 4919 1481 4990 de
1508 4919 1565 4990 fibi
1589 4920 1717 4992 minuti.
1742 4941 1811 4992 unu
1834 4941 1916 5013 capu
1940 4929 2025 4990 terret
2043 4921 2076 4990 in
2091 4919 2145 4990 bia
