4876 6520
885 642 898 737 (
923 653 966 715 ²³
994 651 1012 738 t

233 826 439 899 quacumque
462 801 708 896 requisitionem
731 811 787 871 aut
803 801 949 874 molestia
964 825 1023 894 per
1039 803 1167 876 nultum
1184 805 1316 875 modurn
1332 828 1390 876 nec
1407 827 1466 899 per
1479 809 1664 880 sumnu'ssis

235 932 379 1028 personis
403 931 446 1002 ba
470 953 557 1002 nnnc
581 941 613 1002 et
637 930 847 1023 imperpetuis
876 929 1089 1023 temporibus.
1123 932 1247 1031 Interea
1275 930 1408 1004 definivi
1438 932 1604 1005 vobiscum
1628 945 1661 1007 et

234 1063 274 1134 de
298 1084 400 1133 unum
424 1083 542 1131 arrore
565 1060 644 1154 quia
660 1060 700 1129 de
715 1058 829 1129 eadem
844 1058 977 1130 ecclesia
992 1055 1048 1130 'est
1063 1083 1081 1128 a
1097 1073 1188 1153 parte
1212 1069 1345 1153 propter
1369 1084 1433 1132 nna
1449 1061 1585 1134 ficulnea
1602 1064 1660 1156 qui

234 1189 280 1261 ibi
304 1201 352 1262 est
375 1212 395 1258 a
419 1197 509 1283 parte
532 1185 771 1279 septemtrionis
794 1187 836 1256 de
859 1207 925 1278 qua
949 1185 1130 1256 iudicatum
1152 1197 1201 1256 est
1223 1187 1308 1259 inter
1331 1185 1425 1256 nobis
1446 1169 1486 1261 'ut
1501 1187 1528 1258 si
1542 1187 1664 1260 baleret

108 1291 121 1301 ⁵
234 1341 308 1415 pars
331 1326 440 1390 nostra
462 1312 556 1388 vobis
579 1311 714 1405 prebere
736 1320 973 1382 sacramentum
998 1321 1034 1382 ut
1056 1335 1116 1405 per
1139 1313 1385 1406 qnadragintam
1400 1337 1500 1386 annos
1515 1315 1562 1386 ibi
1577 1317 1664 1387 iuis-

127 1415 132 1424 ¹
237 1454 309 1517 sent
332 1441 525 1516 haberemus
548 1436 595 1508 ibi
618 1438 703 1510 illos.
729 1439 779 1510 sin
804 1448 913 1511 autem
936 1461 1011 1532 pars
1035 1451 1142 1510 vestra
1159 1439 1251 1511 nobis
1268 1440 1385 1514 exinde
1400 1440 1509 1516 iurare
1526 1453 1563 1514 ut
1579 1443 1661 1516 inira

127 1604 130 1610 ⁷
236 1571 483 1668 quadragintam
506 1593 606 1642 annos
629 1567 676 1640 ibi
700 1574 826 1663 positos
845 1569 978 1640 tuissent
991 1589 1050 1638 nos
1066 1578 1175 1638 autem
1191 1567 1431 1643 abscideremus
1445 1569 1520 1642 illos
1537 1571 1664 1644 exinde,

237 1715 270 1776 et
293 1703 371 1798 quia
395 1723 460 1773 non
483 1696 638 1792 inoportni
662 1719 724 1768 nos
743 1719 803 1767 nec
827 1717 885 1766 vos
909 1695 1020 1766 taliter
1030 1693 1148 1766 exinde
1171 1692 1288 1765 iurare.
1312 1697 1462 1792 lDeoqne
1477 1700 1572 1770 ctiam
1595 1699 1664 1769 im-

238 1827 378 1922 presenti
401 1849 461 1921 per
483 1849 543 1894 nnc
566 1822 745 1896 chartulam
770 1820 991 1917 promittimus
1014 1821 1117 1892 vobis.
1141 1813 1300 1916 quatenus
1320 1835 1444 1916 aparte
1460 1849 1502 1896 ex
1518 1825 1586 1919 ipsa
1603 1851 1663 1898 cc·

236 1953 332 2024 clasis
356 1951 445 2023 omni
470 1959 614 2044 tempore
639 1975 682 2022 ex
705 1943 775 2044 ipsa
799 1969 920 2044 'errore
953 1945 1117 2020 abscidere
1149 1946 1321 2021 debeamus
1353 1972 1482 2021 ramora
1505 1930 1664 2022 directum

232 2047 333 2149 'sicus
356 2086 514 2149 monstrat
536 2073 654 2170 pedem
678 2075 844 2170 enipeum
861 2096 978 2146 arvore
995 2097 1099 2170 usque
1116 2083 1149 2142 at
1165 2075 1283 2146 cimam
1298 2075 1377 2148 eius.
1394 2085 1426 2146 et
1442 2074 1511 2169 ipsa
1528 2076 1662 2148 ficulnea

236 2229 347 2280 omnes
359 2229 480 2278 annum
491 2206 576 2277 inira
592 2228 740 2278 annum..
754 2257 762 2274 .
778 2257 787 2277 .
802 2203 951 2277 ecclesia
962 2183 1110 2300 ,tiappure
1126 2204 1300 2278 debeamus
1315 2217 1348 2276 et
1364 2205 1527 2280 abscidere
1547 2207 1664 2278 exinde

236 2332 292 2404 ille
317 2330 467 2404 radicate.
491 2341 524 2405 et
547 2355 676 2403 ramora
699 2353 758 2404 sua
780 2341 916 2426 quantas
939 2355 958 2401 a
981 2343 1072 2426 parte
1096 2356 1138 2404 ex
1162 2333 1231 2426 ipsa
1254 2330 1387 2403 ecclesia
1410 2343 1485 2402 sunt
1507 2343 1545 2402 nt
1569 2334 1606 2402 in
1627 2358 1664 2404 ea

237 2421 365 2532 roboro
378 2470 412 2532 et
427 2459 571 2554 predicta
586 2457 740 2530 inferiora
754 2457 881 2529 nubam
902 2455 1059 2528 lesionem-
1070 2479 1135 2526 non
1151 2457 1279 2526 faciant.
1298 2458 1432 2550 Insuper
1447 2458 1665 2550 promittimus

237 2589 299 2660 tibi
322 2595 482 2683 qnatenus
504 2586 597 2658 omni
631 2599 779 2680 tempore
803 2609 865 2678 ego
890 2596 946 2654 aut
968 2581 1103 2655 heredes
1130 2583 1215 2655 meis·
1237 2593 1347 2656 tecum
1368 2593 1401 2656 et
1424 2603 1503 2660 cum·
1531 2589 1671 2681 posteris·

240 2711 357 2785 renuis
379 2708 466 2782 inter
487 2713 670 2804 predictum
698 2707 834 2780 hortum
865 2728 988 2782 meum.
1009 2717 1041 2780 et
1065 2715 1156 2804 curte
1180 2716 1286 2780 vetra
1309 2708 1367 2804 qui
1392 2709 1437 2781 ibi
1460 2719 1509 2782 est
1532 2737 1551 2782 a
1575 2723 1665 2808 parte

242 2839 419 2915 meridiana
441 2839 598 2934 parietem
622 2837 727 2910 iacere
735 2884 888 2909 .......
895 2834 936 2910 ad
951 2836 1040 2908 omni
1053 2859 1192 2910 comune
1216 2837 1413 2932 expendium
1428 2863 1447 2908 a
1463 2839 1526 2912 fine
1541 2864 1583 2913 ex
1597 2841 1666 2938 ipsa

243 2965 376 3038 ecclesia
399 2975 432 3036 et
454 2965 490 3035 in
512 2971 604 3057 parte
627 2957 825 3032 hoccidentis
848 2980 962 3055 usque.
980 2957 1024 3033 ad
1043 2961 1149 3056 platea
1171 2961 1323 3056 pubblici.
1339 2972 1372 3036 et
1385 2963 1494 3036 beniat
1507 2965 1541 3036 in
1565 2966 1666 3040 altum

243 3096 310 3190 ipse
324 3095 430 3190 paries
444 3094 567 3189 pedes..
583 3143 591 3164 .
607 3144 615 3161 .
629 3113 708 3184 ego
725 3097 782 3161 ant
796 3085 931 3160 heredes
947 3092 1027 3162 rneis
1043 3090 1135 3164 robis
1149 3093 1365 3186 posterisque
1376 3093 1491 3166 vestris
1507 3095 1672 3169 mittentes·

243 3223 509 3294 hoocansionem:
527 3217 612 3302 Quia
627 3221 673 3288 ita
695 3217 780 3290 inter
796 3215 890 3290 uobis
913 3215 1093 3295 iudicatum
1115 3229 1185 3290 est:
1203 3218 1239 3292 Si
1256 3229 1365 3292 antem
1389 3244 1451 3316 ego
1475 3238 1532 3296 aut
1547 3226 1668 3297 decedes

243 3349 317 3420 mets
340 3347 457 3443 quovis
480 3354 627 3439 tempore
650 3351 763 3414 contra
787 3341 871 3415 hanc
887 3339 1033 3416 chartula
1047 3344 1228 3419 securitatis
1244 3354 1281 3418 nt
1294 3369 1393 3443 super
1412 3349 1533 3445 legitur
1556 3353 1673 3427 venire

242 3469 508 3568 presumserimus
524 3477 558 3540 et
570 3468 605 3538 in
622 3463 745 3562 aliquid
761 3467 875 3540 offensi
897 3468 1056 3542 fuerimus
1079 3493 1139 3566 per
1154 3471 1262 3564 poecis
1276 3473 1405 3544 nudum
1418 3484 1474 3546 aut
1489 3477 1670 3548 summissis

242 3596 398 3694 personis.
421 3605 500 3667 tnnc
523 3592 749 3687 componimus
772 3592 865 3664 robis
888 3593 1099 3689 posterisque.
1123 3594 1239 3667 restris
1264 3596 1335 3666 auri
1358 3595 1478 3668 solidos
1501 3598 1672 3692 sexaginta

245 3727 447 3824 bythianteos
471 3733 505 3794 et
527 3721 588 3793 hec
617 3719 764 3791 chartula
796 3729 834 3792 ut
865 3741 967 3815 super
995 3719 1115 3814 legittn·
1142 3719 1185 3794 sit
1212 3721 1306 3793 firma
1329 3724 1446 3817 scripto
1468 3747 1528 3817 per
1550 3745 1666 3795 manns

245 3849 388 3945 gregorii
411 3844 548 3918 Gusialis
572 3866 631 3937 pet
647 3841 822 3914 indictione
837 3852 1017 3913 memorata
1033 3843 1258 3917 canimenos
1272 3843 1444 3940 signnm†
1461 3870 1575 3919 manus
1596 3829 1668 3919 me-

201 3989 218 3996 ”
245 3977 363 4051 morati
385 3973 518 4046 iohanni
541 3970 632 4066 quod
652 3991 715 4063 ego
739 3971 797 4064 qui
822 3979 1016 4040 memoratos
1039 3995 1100 4064 pru
1124 3995 1201 4042 eum
1224 3973 1395 4068 subscripsi
1419 3973 1450 4072 †

340 4102 371 4198 †
395 4125 458 4197 ego
482 4099 637 4170 iohannes
660 4095 746 4167 finus
769 4093 894 4181 domini
919 4093 1058 4170 demetri
1085 4107 1260 4191 rogatus-a
1283 4103 1499 4198 suprascripto
1530 4103 1674 4178 iohanne

248 4229 319 4304 testi
341 4223 514 4319 subscripsi
538 4219 574 4318 †

340 4355 459 4451 †cg0
479 4359 590 4447 petrns
614 4346 700 4420 filim
723 4345 848 4420 domini
870 4349 969 4444 sergii
991 4357 1129 4444 rogatus
1149 4376 1169 4422 a
1191 4356 1408 4452 suprascripto
1432 4358 1571 4432 iohanne
1595 4363 1673 4433 testi

247 4473 474 4576 subsstipsi†

342 4603 372 4698 †
395 4625 458 4695 ego
480 4597 623 4671 maninus
647 4597 732 4694 filim
755 4597 880 4672 domini
910 4601 1053 4698 gregorii
1076 4615 1209 4700 rogatus
1233 4633 1252 4678 a
1275 4614 1492 4708 suprascripto
1525 4615 1670 4686 iohanne

248 4735 338 4810 testis
361 4729 534 4822 subscripsi
557 4724 589 4821 †
1547 4745 1551 4750 ·

342 4855 373 4954 †
396 4857 467 4948 Ego
490 4853 652 4944 prosperius
670 4853 806 4923 Coriolis
817 4871 889 4946 post
904 4859 1159 4953 suceptionem
1172 4865 1296 4934 testium
1313 4865 1480 4960 Gomplcvi
1497 4877 1528 4938 et
1544 4867 1673 4940 absolsi

248 5011 305 5082 per
330 4979 503 5056 indictione
526 4987 705 5048 memorata
730 4977 854 5049 decima
878 4979 909 5073 d:
