4876 6520
1441 629 1519 723 (56
1546 629 1563 722 )

798 801 962 858 resumere
985 785 1213 880 presumpserit
1237 783 1278 854 de
1301 783 1353 855 bis
1381 783 1530 856 omnibus
1558 781 1745 855 memoretis
1772 803 1831 874 per
1853 781 1970 877 quoh's
1994 757 2128 856 modum
2153 796 2209 858 aut

795 915 972 985 summissis
994 913 1138 1006 personis
1161 922 1239 981 tunc
1263 921 1434 1005 componat
1456 934 1529 1004 pers
1553 909 1654 1003 ipsius
1677 909 1813 980 infidelis
1837 919 1870 980 et
1893 909 1960 980 suis
1984 911 2158 984 heredibus
2174 925 2207 985 at

796 1051 919 1135 partem
943 1041 1039 1110 fidem
1063 1035 1216 1108 sorbentis
1240 1035 1393 1129 eiusque:
1426 1033 1597 1106 heredibus
1628 1033 1698 1105 auri
1723 1033 1820 1104 libras
1843 1035 1922 1105 duas
1946 1035 2148 1128 bytbisntsss
2174 1049 2208 1110 et

796 1165 857 1234 bec
881 1163 996 1235 divisio
1020 1169 1057 1231 ut
1080 1183 1176 1252 super
1200 1158 1320 1248 legitur
1341 1157 1384 1228 sit
1408 1159 1501 1226 firma
1524 1157 1638 1250 scripu
1654 1179 1713 1249 per
1733 1179 1848 1228 manus
1870 1157 2020 1230 iohannis
2042 1163 2208 1254 seripturis

797 1286 953 1379 discipulo
977 1283 1098 1354 domini
1125 1281 1266 1375 gregorii
1288 1281 1400 1351 curiali
1425 1291 1458 1350 et
1482 1281 1640 1353 scriniarii
1664 1305 1723 1375 per
1747 1293 1925 1356 memorata
1948 1295 2063 1380 quarte
2081 1288 2204 1360 decimu

794 1406 976 1478 indictione.

887 1526 950 1596 boe
974 1528 1101 1619 siguum
1125 1524 1156 1618 †
1179 1547 1295 1596 manus
1318 1533 1493 1596 memoratu
1518 1547 1646 1619 gemma
1669 1525 1802 1597 honeste
1828 1528 2004 1600 feminast
2027 1543 2204 1605 memorata

793 1651 921 1723 eufimia
947 1650 1079 1720 bouestu
1105 1648 1257 1742 phemius
1281 1669 1448 1740 germanas
1470 1658 1646 1720 memorum
1662 1669 1756 1740 guma
1772 1647 1882 1720 relicta
1899 1654 2064 1745 quondam
2080 1657 2203 1730 domini

795 1779 935 1872 gregorii
959 1801 1022 1868 ego
1045 1777 1103 1870 qui
1127 1785 1324 1847 memoratos
1346 1776 1387 1844 ab
1410 1775 1456 1845 eis
1483 1781 1613 1868 rogatus
1636 1796 1697 1867 pro
1720 1775 1751 1845 ei
1774 1775 1949 1870 subscripsi
1972 1777 2003 1871 †

889 1905 920 1999 †
944 1927 1007 1996 ego
1029 1903 1162 1974 basilius
1185 1903 1404 1996 ypodiuconus
1426 1901 1600 1996 subscripsi
1622 1901 1655 1998 †

887 2032 920 2125 †
943 2053 1006 2122 ego
1030 2029 1204 2100 theodorus
1231 2028 1402 2122 subscripsi
1425 2033 1456 2121 †

888 2152 1005 2246 †ego
1028 2150 1197 2244 gregorius
1221 2151 1394 2246 subscripsi
1418 2151 1449 2246 †
1505 2189 1507 2192 ·

891 2279 923 2374 †
946 2301 1008 2371 ego
1032 2282 1186 2354 iohannes
1211 2281 1382 2375 subscripsi
1405 2279 1437 2375 †

888 2403 919 2498 †
944 2425 1005 2494 ego
1028 2402 1182 2473 iohannes
1205 2402 1291 2473 [ilius
1315 2404 1436 2475 domini
1461 2408 1602 2501 gregorii
1626 2418 1757 2503 rogetus
1777 2412 2042 2504 usupraseriptss
2057 2435 2204 2506 personas

795 2535 867 2600 testi
891 2529 1061 2622 subscripsi
1084 2531 1115 2625 †

892 2653 922 2747 †
946 2659 1016 2748 Ego
1039 2667 1148 2748 petrus
1171 2655 1307 2728 Curislis
1330 2669 1461 2752 rogetus
1478 2686 1496 2732 u
1512 2673 1703 2734 memoratus
1720 2687 1869 2757 personas
1884 2666 1970 2737 testis
1985 2669 2154 2764 subscripsi
2172 2669 2203 2764 †

891 2781 922 2876 †
947 2805 1007 2872 ego
1031 2782 1206 2855 theodorus
1229 2783 1313 2854 filius
1337 2786 1461 2857 domini
1484 2785 1632 2860 iohannis
1655 2801 1786 2884 rogatus
1817 2817 1835 2862 s
1866 2797 2095 2890 suprascriptus
2125 2821 2203 2892 per-

796 2929 889 2978 sonas
915 2909 984 2977 testi
1008 2905 1178 2999 subscripsi
1203 2906 1233 3000 †
