4906 6520
957 481 1104 659 (nep

966 851 1099 926 cnxnt.

383 1173 385 1180 .
413 1104 503 1198 †ln
526 1105 658 1176 nominc
681 1105 808 1177 domini
831 1107 885 1178 dei
908 1109 1079 1180 salvatoris
1102 1111 1206 1182 nostri
1221 1111 1319 1184 lhesu
1341 1111 1464 1184 Christi
1482 1109 1741 1210 lmpcrentedo-
1814 1135 1866 1182 an·

320 1230 410 1301 miuo
431 1238 542 1300 nostro
566 1230 680 1300 besilio
704 1251 821 1323 magno
849 1233 1047 1326 Imperatore
1070 1256 1155 1304 suno
1186 1236 1349 1306 tricesimo
1372 1249 1473 1309 sexto.
1510 1243 1565 1312 sed
1598 1253 1630 1314 et
1653 1267 1739 1316 con·
1790 1250 1875 1309 996.

250 1425 277 1442 l
319 1353 457 1424 stentino
481 1378 600 1448 magno
624 1359 942 1452 Imperatore'frnter
974 1359 1043 1430 eius
1073 1383 1159 1430 anno
1183 1360 1346 1433 tricesimo
1370 1363 1476 1433 tertio.
1501 1365 1563 1436 Die
1587 1368 1739 1440 vicesima

319 1480 437 1552 mensis
460 1481 571 1573 aprilis
593 1481 770 1553 indictione
793 1502 879 1552 nona
902 1481 1049 1576 neapoli:
1074 1481 1208 1558 Certum
1232 1493 1280 1554 est
1293 1505 1346 1560 me
1361 1495 1490 1578 petrum
1506 1487 1608 1560 filium
1625 1514 1739 1584 qnon-

320 1605 394 1676 dnm
410 1608 543 1701 grimmi
560 1609 600 1678 de
616 1609 689 1678 loco
704 1611 762 1702 qni
778 1617 911 1680 vocatur
927 1619 1073 1680 sanctum
1091 1619 1217 1702 petrum
1233 1612 1274 1680 nd
1289 1622 1468 1704 paternum.
1484 1615 1515 1684 A
1531 1619 1670 1708 presenti
1685 1621 1738 1691 die

319 1736 535 1825 promtissime
570 1735 735 1806 voluntate
766 1736 925 1829 promitto
956 1735 1050 1806 vobis
1068 1735 1212 1812 ,domino
1237 1735 1348 1831 filippo
1371 1741 1549 1812 venerabili
1573 1767 1738 1838 ygumeno

318 1864 505 1933 monasterii
528 1871 712 1933 sanctorum
735 1860 833 1954 sergii
858 1871 891 1932 et
915 1861 1010 1934 bechi
1034 1861 1094 1954 qui
1110 1883 1195 1932 nuno
1211 1872 1425 1957 congregatus
1440 1887 1475 1936 es
1490 1867 1525 1938 in
1540 1874 1738 1942 monasterio

318 1997 503 2058 sauctorum
529 1984 677 2057 theodori
702 1997 734 2057 et
757 1987 928 2058 sebastiani
961 1986 1020 2080 qui
1048 1985 1225 2080 appelletur
1247 1990 1405 2082 cnsupietn
1431 1989 1531 2062 situm
1553 1995 1588 2064 in
1609 1995 1736 2066 viride-

317 2111 378 2178 rio.
403 2117 535 2204 propter
559 2133 601 2180 ex
624 2119 716 2204 perte
739 2113 780 2182 de
803 2111 941 2184 fundum
966 2123 1112 2184 vestrum
1134 2113 1198 2184 lroc
1222 2121 1270 2184 est
1293 2114 1328 2183 in
1351 2113 1458 2184 medie
1481 2116 1552 2188 loco
1573 2119 1734 2216 simulque

318 2256 383 2304 une
407 2256 483 2306 cum
507 2231 653 2327 pischinn
678 2245 712 2306 et
734 2241 869 2329 puteum
893 2248 926 2306 et
948 2235 1185 2328 susceptorium
1209 2258 1306 2306 suum
1330 2243 1363 2306 et
1386 2259 1461 2308 eum
1486 2263 1558 2309 cnse
1580 2262 1676 2334 super
1698 2267 1736 2314 se

319 2365 472 2450 cooperto
496 2379 572 2430 cnm
596 2357 686 2450 pelea
710 2367 744 2426 et
767 2381 843 2428 cum
867 2357 1037 2428 introitum
1060 2380 1156 2428 sunm
1171 2359 1397 2452 omnibusque.
1413 2361 1477 2430 sivi
1491 2361 1734 2453 pertinentibus.

318 2484 456 2578 qualiter
478 2485 563 2554 intcr
586 2484 649 2554 hoc
672 2507 770 2578 quem
794 2483 876 2554 mihi
900 2484 1031 2556 dedistis
1048 2492 1080 2555 et
1095 2483 1180 2554 inter
1196 2485 1361 2578 reliquum
1378 2507 1476 2578 quem
1491 2487 1607 2559 exinde
1624 2489 1659 2559 in
1675 2512 1734 2560 ve-

317 2620 382 2678 stra
406 2609 592 2678 reservastis
615 2616 804 2701 potestatem
827 2633 845 2676 a
869 2615 961 2700 perte
984 2605 1181 2678 hoccidentis
1196 2616 1229 2678 et
1244 2607 1419 2679 meridiane
1434 2610 1585 2680 termines
1601 2609 1733 2682 exfinat.

315 2731 456 2824 primum
481 2731 657 2801 terminum
680 2753 778 2824 quem
802 2729 933 2802 fiximus
955 2754 974 2800 a
996 2739 1087 2823 purte
1110 2732 1346 2824 septemtrionis
1369 2731 1459 2802 iuxta
1475 2733 1610 2804 cessaria
1624 2743 1732 2808 vestre

316 2854 431 2926 abinde
454 2866 578 2927 rectum
602 2857 636 2926 in
660 2865 750 2948 purte
776 2854 954 2925 meridiane
985 2851 1019 2922 in
1051 2855 1193 2924 secundo
1223 2855 1360 2926 termine
1392 2865 1425 2926 et
1449 2856 1564 2928 abinde
1588 2861 1673 2930 redit
1696 2860 1733 2930 in

315 2991 405 3076 parto
429 2980 586 3052 lrorientis
609 2981 644 3051 in
668 2982 765 3052 tertio
787 2981 935 3052 termine.
960 2987 992 3049 et
1014 2979 1055 3048 eb
1079 2979 1149 3074 ipso
1174 2979 1270 3050 tertio
1294 2980 1431 3051 termine
1449 2980 1568 3051 iterum
1586 2983 1731 3056 advolvit

315 3117 439 3178 rectum
463 3104 498 3178 in
522 3106 634 3177 endem
657 3115 747 3200 purte
770 3106 1008 3198 septemtrionis
1033 3105 1067 3176 in
1082 3127 1157 3200 sepe
1173 3105 1231 3201 qui
1247 3103 1368 3176 exfinet
1383 3103 1467 3176 inter
1481 3105 1618 3176 tuntum
1633 3107 1732 3180 here·

314 3236 391 3308 oum
415 3233 484 3329 rupi
508 3235 575 3306 nro
599 3234 724 3306 domini
747 3233 833 3306 reon
857 3236 977 3306 merser
1009 3215 1041 3306 ei
1073 3234 1158 3304 rnre
1185 3235 1325 3306 areuna
1349 3237 1388 3308 n
1412 3245 1499 3306 erra
1521 3234 1590 3304 urs
1614 3236 1732 3308 menes
1850 3211 1851 3216 '

314 3361 453 3435 exadclli
477 3363 538 3435 sui.
561 3386 724 3458 quemque
748 3367 781 3430 et
804 3371 938 3454 propter
962 3360 1127 3454 reliquum
1149 3384 1192 3431 ex
1216 3361 1323 3455 ipsum
1347 3364 1485 3436 fundum
1509 3372 1654 3434 vestrum
1671 3362 1754 3457 qui.

282 3541 286 3548 .
312 3489 467 3562 remansit
487 3513 511 3558 e
535 3495 625 3582 purte
648 3485 808 3556 horientis
828 3507 893 3554 unu
919 3505 995 3554 cum
1018 3483 1159 3574 corrigie
1183 3485 1222 3552 de
1246 3492 1334 3554 terra
1355 3483 1448 3556 iuxta
1468 3509 1503 3554 se
1526 3496 1651 3554 etcum
1675 3506 1731 3554 re·

231 3687 236 3696 ,
311 3615 418 3707 liques
442 3637 555 3688 omnes
578 3623 678 3684 terres
701 3623 823 3684 vestras
847 3633 931 3707 quos
953 3609 1077 3680 hahetis
1101 3610 1135 3678 in
1158 3617 1338 3680 memorato
1361 3610 1434 3678 loco
1451 3612 1655 3681 adsenctum
1670 3634 1732 3705 pe-

189 3743 199 3750 “
312 3750 402 3810 trum
426 3758 501 3806 cum
527 3729 696 3806 erroribus
720 3734 894 3807 fructiferis
918 3733 971 3803 vel
994 3731 1206 3802 infructiferis
1219 3739 1252 3800 et
1267 3753 1343 3800 eum
1358 3730 1506 3800 introitus
1519 3755 1633 3803 earum
1648 3756 1730 3804 onr-

310 3866 480 3958 nibusque.
505 3863 552 3934 eis
573 3861 828 3953 pcrtinentibus:
859 3867 996 3952 excepto
1019 3865 1175 3952 quantum
1200 3880 1288 3928 nuno
1311 3857 1427 3928 exinde
1452 3859 1571 3930 detinet
1594 3861 1728 3953 quidem

311 3991 466 4084 stephano
490 3989 589 4060 deliso
612 3996 725 4057 nostro
750 3987 789 4056 do
813 4007 964 4076 campum
989 3993 1140 4055 nostrum·
1159 3983 1217 4077 qui
1240 3993 1381 4054 vocetur
1399 3986 1585 4058 bainsonum
1602 4011 1620 4056 n
1635 3995 1730 4080 perte

310 4117 469 4188 horientis
492 4119 582 4186 iustu
606 4123 693 4184 torre
717 4113 758 4182 de
782 4111 830 4182 illi
854 4110 1030 4182 schintillu.
1066 4121 1100 4181 et
1130 4121 1267 4204 excepto
1296 4120 1454 4205 quantum
1477 4114 1547 4206 ipse
1570 4111 1728 4208 stephuno

310 4245 411 4314 dcliso
435 4251 546 4314 vestro
568 4239 679 4308 inille
702 4237 809 4308 cesule
834 4233 968 4306 detinet.
995 4244 1028 4302 et
1052 4243 1184 4326 excepto
1208 4233 1318 4304 inclita
1342 4243 1428 4306 terra
1451 4261 1519 4330 que
1540 4237 1726 4310 nominetur

311 4371 351 4440 de
376 4367 513 4437 domino
535 4364 653 4434 undrea
685 4371 718 4432 et
745 4367 882 4451 excepto
912 4357 1059 4428 inclitum
1083 4357 1297 4429 lundiciolnm
1320 4360 1378 4453 qui
1401 4367 1450 4428 est
1472 4361 1562 4432 irrxtu
1586 4363 1725 4434 fiendum

309 4493 466 4564 heredum
489 4487 616 4559 domini
640 4485 787 4578 stephani
810 4482 880 4555 lilio
903 4483 1026 4556 donnini
1048 4483 1136 4554 leoni
1161 4507 1243 4578 quas
1266 4485 1399 4559 insimul
1420 4485 1456 4554 in
1480 4496 1586 4556 vestre
1614 4508 1726 4558 reser-

309 4617 407 4690 vastis
434 4620 646 4708 potestatem:
673 4627 738 4705 que
762 4630 843 4680 vero
862 4608 968 4701 ipsum
985 4631 1028 4677 ex
1043 4618 1134 4700 purte
1149 4631 1191 4676 ex
1206 4608 1311 4700 ipsum
1329 4609 1465 4678 lundum
1481 4619 1625 4680 vestrum
1641 4633 1726 4702 qun·

308 4744 380 4812 liter
404 4736 551 4838 superius
574 4735 846 4828 exegregsvimus
867 4757 932 4805 una
947 4753 1024 4804 cum
1039 4731 1192 4802 omuibus
1213 4731 1400 4804 memoratis
1418 4740 1456 4802 nt
1468 4754 1566 4824 super
1589 4733 1724 4826 legitur.

556 4861 620 4932 Vol.
647 4859 713 4929 111.
1346 4867 1387 4926 re
