4906 6520
919 692 1069 780 (res)

156 935 160 942 ι
288 863 404 934 compo
428 839 467 911 de
492 841 621 912 miano:
646 865 711 914 une
743 865 820 912 cum
845 841 1018 915 arboribus
1041 854 1074 914 et
1098 843 1267 916 introitum
1297 870 1392 920 suum
1417 859 1449 920 et
1477 854 1628 924 omnibus
1652 856 1713 925 sivi

288 967 548 1062 pertinentibus:
566 977 599 1038 et
623 967 716 1038 sicuti
740 965 794 1036 ille
818 989 876 1059 per
899 977 1091 1040 memorates
1115 968 1292 1040 eoberetias
1316 995 1375 1042 nos
1400 973 1456 1044 tibi
1481 975 1716 1049 insinuavimus

289 1097 373 1167 sicut
398 1095 546 1187 superius
564 1095 707 1187 iegitur:
733 1117 751 1162 a
774 1095 868 1164 nohis
891 1094 950 1164 tibi
966 1094 1030 1166 sint
1045 1097 1254 1168 venumdates
1271 1107 1304 1168 et
1319 1099 1449 1182 traditas
1466 1101 1499 1171 in
1518 1111 1572 1172 tue
1589 1104 1716 1196 tuisque
1770 1147 1772 1154 ·

289 1223 461 1296 heredibus
486 1223 550 1294 sint
573 1231 730 1315 potestate
753 1222 915 1317 quidquid
945 1224 1062 1298 exinde
1092 1225 1199 1298 iacere
1232 1225 1399 1298 volueritis
1426 1227 1468 1300 ab
1500 1230 1632 1312 odierna
1664 1233 1716 1303 die

290 1371 417 1443 semper
440 1349 574 1420 liberam
598 1345 718 1422 ebeafis
742 1355 1143 1440 possessoremque
1169 1347 1264 1426 nobis
1280 1361 1460 1424 memorato
1476 1354 1629 1446 gregorio
1645 1358 1716 1426 ter„
1779 1363 1782 1368 ’

289 1478 378 1548 rario
401 1485 433 1545 et
458 1472 596 1545 iohanne
618 1473 754 1546 ferrario
779 1473 1043 1548 distributoribus
1066 1475 1137 1546 eius
1160 1488 1302 1571 seques
1327 1477 1445 1549 nostris
1459 1502 1519 1553 nec
1537 1505 1556 1549 a
1571 1481 1637 1550 suis
1653 1482 1717 1550 be-

268 1642 269 1646 =
290 1601 420 1672 sedibus
444 1599 495 1670 rei
511 1622 530 1670 o
547 1598 640 1670 nobis
664 1599 809 1694 persoms
823 1599 1002 1674 summissis
1019 1597 1110 1670 nuile
1129 1608 1273 1694 tempore
1289 1625 1467 1696 numquam
1484 1613 1519 1674 tu
1533 1617 1714 1676 memorato

290 1725 444 1819 stepbano
457 1726 657 1818 negotiatore
672 1735 730 1796 aut
744 1725 877 1798 heredes
893 1727 957 1798 tuis
973 1727 1062 1819 quod
1077 1727 1161 1796 obsit
1178 1725 1297 1794 abeatis
1313 1727 1429 1800 exinde
1445 1729 1619 1822 aliquando
1633 1756 1717 1825 qus

291 1873 441 1944 cumque.
466 1851 678 1944 requisitione
703 1859 759 1920 aut
778 1837 925 1922 molestis
941 1873 999 1942 per
1013 1849 1141 1920 nulium
1153 1848 1288 1918 modum
1303 1871 1363 1919 nec
1379 1873 1437 1942 per
1453 1855 1629 1924 summissis
1645 1878 1719 1947 per-
1843 1860 1849 1870 ’

291 1963 378 2045 sonis
402 1999 420 2044 a
443 1997 531 2044 none
555 1983 587 2044 et
610 1975 645 2044 in
668 1974 832 2068 perpetuis
855 1973 1055 2066 temporibus
1077 1982 1209 2064 propter
1223 1983 1304 2066 quot
1320 1977 1502 2068 aceepimus
1519 2003 1537 2046 e
1554 1989 1585 2048 te
1602 1981 1718 2049 exinde

246 2129 248 2134 ·
291 2098 326 2168 in
351 2098 506 2188 presentis
530 2094 565 2170 in
590 2119 721 2170 omnem
753 2096 916 2172 denisium
937 2121 998 2172 seu
1029 2096 1280 2172 deliberatione:
1307 2097 1388 2170 idest
1412 2102 1494 2174 muri·
1509 2103 1569 2170 teri
1601 2103 1719 2194 viginti

291 2223 446 2318 quimque
469 2246 534 2316 qus
557 2245 617 2298 nos
640 2246 770 2316 presens
794 2224 948 2317 presentis
971 2223 1121 2298 dedimus
1143 2231 1185 2296 et
1199 2226 1396 2316 espcnsimus
1413 2251 1472 2319 pro
1488 2229 1595 2322 anima
1611 2251 1717 2321 quon-

291 2351 367 2424 dam
392 2363 569 2424 memorate
594 2351 696 2424 maris
713 2352 797 2426 sicut
817 2352 885 2444 ipss
902 2353 995 2426 nobis
1011 2352 1169 2445 disposuit
1187 2363 1219 2422 et
1234 2353 1317 2424 sicut
1333 2354 1401 2445 ipse
1418 2353 1605 2445 dispositum
1624 2379 1719 2426 suum

291 2479 442 2551 eontinet·
459 2503 525 2572 que
550 2491 628 2573 aput
651 2503 711 2552 nos
734 2479 894 2552 abcmmr
924 2480 1003 2573 quia
1026 2479 1072 2550 sie
1096 2481 1181 2552 inter
1205 2480 1298 2550 nobis
1330 2479 1437 2550 stetit:
1466 2481 1495 2551 si
1520 2492 1626 2550 autem
1660 2506 1718 2552 nos

294 2603 480 2677 memoratis
505 2601 728 2680 distributores
753 2615 809 2676 aut
824 2602 955 2678 heredes
970 2603 1090 2678 nostris
1104 2604 1221 2698 quobis
1236 2613 1381 2698 tempore
1396 2615 1508 2675 contra
1525 2605 1607 2674 hanc
1623 2606 1717 2674 eber·
1859 2627 1863 2634 ·

293 2729 398 2802 tutem
419 2727 610 2804 venditionis
634 2741 675 2804 ut.
694 2749 790 2820 super
814 2729 932 2822 legitur
955 2727 1068 2804 renim
1096 2731 1363 2821 presumserimus
1387 2741 1419 2800 et
1442 2731 1476 2800 io
1501 2731 1615 2824 aliquit
1637 2731 1719 2800 bot-
1791 2807 1792 2810 Ἴ

292 2856 374 2930 tensi
397 2857 553 2932 tueriruus
578 2879 635 2950 per
658 2857 775 2956 quobis
798 2860 933 2932 modum
950 2867 1006 2930 aut
1021 2858 1200 2932 summissis
1216 2858 1380 2952 perseum:
1399 2868 1476 2928 tnnc
1492 2858 1716 2950 componimus

295 2980 353 3051 tibi
378 2981 526 3074 tuisque:
556 2980 727 3058 heredibus
741 2983 812 3058 auri
831 2981 950 3057 solidos
968 2983 1161 3056 duoodeeim
1178 2983 1383 3078 bytbianteos
1400 2993 1433 3054 et
1449 2981 1508 3052 hec
1524 2981 1667 3052 chartula
1685 2993 1719 3051 ut
1857 3027 1863 3046 .

294 3129 390 3198 super
414 3105 532 3198 legitur
556 3105 597 3181 sit
624 3107 735 3184 firmas
766 3107 885 3201 scripta
909 3131 967 3202 per
990 3131 1104 3182 monus
1134 3107 1266 3182 iobsmd
1300 3109 1432 3214 curiatis
1461 3131 1518 3200 per
1542 3119 1718 3178 memorate

294 3233 470 3306 indictione
494 3233 524 3325 †
816 3241 818 3248 '
1641 3311 1645 3316 ‚p

387 3350 451 3432 boc
476 3363 605 3456 signum
630 3359 660 3453 †
685 3383 798 3434 munus
822 3361 1008 3432 memoratis
1032 3361 1255 3432 disbdrmores
1277 3365 1365 3456 quod
1390 3385 1452 3455 ego
1476 3363 1532 3457 qui
1559 3386 1721 3434 memore·

296 3497 345 3559 tos
369 3487 410 3558 ub
434 3488 480 3561 eis
504 3499 636 3582 rogetur
660 3511 720 3582 pro
744 3489 777 3558 ei
799 3487 973 3582 subscripsi
998 3497 1031 3558 et
1054 3488 1223 3562 memorati
1250 3489 1309 3559 tori
1336 3491 1470 3562 traditos
1496 3491 1561 3561 vidi
1588 3490 1617 3584 †
1724 3585 1725 3589 Ἴ

393 3613 424 3714 †
448 3639 510 3707 ego
534 3617 660 3709 sergius
684 3615 769 3688 filius
794 3615 917 3687 domini
942 3614 1089 3708 stephani
1113 3628 1245 3708 rogetus
1270 3641 1288 3684 a
1312 3618 1534 3709 mprsscriptis
1559 3618 1720 3686 distribu-

298 3748 382 3810 tores
407 3740 480 3809 testi
504 3740 676 3834 subscripsi
700 3751 734 3810 et
757 3740 965 3834 suprascripti
989 3737 1206 3812 taritraditos
1230 3740 1298 3810 bidi
1323 3740 1353 3836 †

299 3913 305 3928 .
354 3881 356 3887 ·
394 3858 520 3954 †Ego
543 3862 696 3934 mastalus
719 3862 866 3936 Curiatio.
892 3873 1023 3956 rogatus
1047 3890 1066 3936 a
1089 3865 1275 3937 memoratis
1298 3863 1520 3934 distributores
1542 3865 1629 3934 testis
1644 3865 1719 3934 sub-

237 4063 240 4072 ,
298 3987 412 4079 scripsi
438 3996 470 4058 et
494 3989 664 4060 memorati
688 3989 749 4062 tari
773 3991 907 4062 traditos
931 3991 1000 4062 ridi
1024 3991 1055 4086 †

393 4111 509 4209 †ego
533 4115 585 4188 leo
608 4117 694 4190 fitius
717 4117 840 4190 domini
864 4119 947 4211 petri
970 4119 1121 4191 monsebi
1151 4128 1283 4213 rogatus
1306 4147 1324 4190 e
1348 4119 1571 4214 suprascriptis
1604 4121 1719 4191 distri-
1811 4189 1814 4196 ,

302 4226 434 4312 butores
458 4239 532 4313 testi
555 4241 727 4336 subscripsi
751 4254 784 4314 et
806 4243 1015 4338 suprascripti
1038 4245 1100 4316 teri
1124 4245 1258 4316 ordinis
1281 4245 1347 4315 vidi
1373 4245 1404 4340 †

304 4403 306 4408 ,
397 4365 428 4460 †
452 4367 524 4458 Ego
549 4365 703 4438 iohannes
726 4366 862 4440 Ctuiaiis
885 4378 957 4460 post
980 4367 1246 4463 subscriptionem
1269 4369 1397 4440 testium
1422 4367 1591 4462 Compteri
1607 4379 1640 4439 et
1663 4369 1721 4437 ab·

300 4491 383 4566 soisi
407 4515 466 4584 per
490 4503 666 4566 memorato
687 4493 829 4587 septim
851 4493 1028 4566 indictione
1052 4492 1084 4588 †
1637 4505 1638 4510 ’

889 4830 1136 4866 nm·-
