4876 6520
1414 516 1534 610 (3⁴)

765 671 933 744 mensuris.
951 671 1034 740 sicut
1057 669 1091 738 in
1114 667 1182 762 ipsa
1206 669 1326 740 cartula
1350 671 1513 742 continere
1536 669 1673 740 hidetur.
1689 670 1836 742 llootaba
1860 672 1991 744 carttda.
2015 679 2180 768 quomodo

765 797 958 870 araselberto
977 797 1055 868 filio*
1068 795 1179 890 lupolfi
1191 795 1355 868 habitante
1379 796 1418 866 de
1442 795 1558 866 linibus
1582 797 1705 868 caiatie.
1723 797 1756 866 in
1771 796 1844 884 loco
1859 813 2012 869 ceserano
2035 822 2095 894 per
2111 800 2178 892 ipsa

758 924 880 994 cartula
908 921 1082 994 donaberat
1104 920 1203 992 michi
1227 923 1284 1016 qui
1308 946 1404 1017 supra
1427 923 1556 996 lendolli
1580 920 1702 994 comiti.
1727 925 1853 1014 integre
1877 923 2001 994 duabus
2027 924 2113 1016 petie
2136 925 2175 997 de

764 1057 850 1120 terre
873 1069 1009 1144 sueque
1031 1046 1187 1118 habuerat
1211 1047 1245 1116 in
1268 1047 1485 1140 suprascripto
1502 1049 1574 1118 loco
1587 1070 1741 1118 ceseranu
1755 1057 1789 1116 et
1803 1057 1889 1118 terra
1913 1047 1981 1140 ipsa
1994 1049 2180 1122 nominatur

764 1173 804 1242 ad
817 1171 940 1242 bineale
962 1179 1021 1263 per
1044 1170 1116 1240 finis
1142 1179 1174 1240 et
1197 1171 1355 1238 mensuris
1372 1169 1460 1240 velut
1472 1169 1507 1240 in'
1522 1171 1590 1262 ipsc
1605 1169 1725 1240 cartula
1742 1171 1906 1240 continere
1921 1171 2058 1242 bidetur.
2081 1171 2175 1242 Nona

762 1297 882 1368 cartule
913 1299 1056 1368 continet
1085 1295 1252 1392 quomodo
1284 1297 1424 1367 rmoalda
1447 1298 1513 1370 filia
1538 1297 1682 1368 moraldi.
1714 1321 1771 1391 per
1797 1299 1865 1392 ipsa
1888 1300 2010 1370 cartola
2033 1299 2175 1370 henum-

759 1429 889 1498 dederat
911 1425 993 1497 mihi
1017 1425 1075 1521 qui
1098 1447 1195 1517 supra
1218 1422 1361 1494 landolfo
1385 1425 1498 1496 comiti
1521 1423 1645 1518 integra
1669 1424 1775 1495 medie
1798 1425 1887 1519 quod
1910 1435 1979 1494 erat
2001 1435 2088 1496 sorte
2117 1449 2173 1498 sua

759 1551 798 1622 de
821 1555 961 1646 integras
985 1550 1048 1622 due
1072 1551 1158 1646 petie
1182 1551 1222 1622 de
1246 1557 1331 1620 terre
1354 1571 1411 1620 sue
1435 1574 1533 1646 quem
1549 1553 1706 1622 habuerat
1721 1552 1754 1622 iu
1770 1551 1886 1622 linibus
1902 1552 2015 1622 caiatie
2029 1550 2102 1622 loco
2117 1553 2173 1624 ubi

758 1677 876 1751 dicitur
899 1676 1068 1749 cristianisi
1091 1677 1174 1746 inira
1197 1676 1276 1746 fines
1292 1686 1323 1745 et
1338 1677 1505 1748 mensuris.
1522 1677 1611 1749 belut
1627 1677 1662 1748 iu
1677 1677 1746 1771 ipsa
1761 1677 1883 1746 cartula
1899 1678 2050 1747 contiscere
2075 1677 2173 1747 bide-

759 1813 813 1873 tur
826 1825 890 1896 que
906 1803 1022 1896 scriptu
1037 1807 1086 1870 est
1099 1823 1156 1894 per
1173 1809 1300 1894 petrrmr
1316 1801 1491 1871 notarium.
1506 1802 1639 1871 Decima
1655 1801 1776 1870 cartula
1789 1801 1955 1895 quomodo
1972 1803 2089 1895 gaudio
2106 1803 2172 1874 lilio

998 1927 1136 1999 abitator
1152 1928 1192 1997 de
1208 1927 1325 1998 finibus
1341 1927 1454 1999 caiatie
1468 1928 1542 1998 loco
1557 1927 1727 1999 cristianisi
1742 1951 1800 2022 per
1816 1928 1884 2021 ipsa
1897 1929 2017 1998 cartula
2032 1930 2169 2000 benum-

756 2057 887 2129 dederat
903 2055 1003 2127 michi
1026 2057 1084 2152 qui
1107 2079 1203 2150 supra
1225 2053 1356 2126 landolfi
1379 2055 1555 2125 comiti...
1573 2111 1577 2118 .
1594 2101 1769 2124 ........
1785 2053 1825 2124 de
1849 2053 1915 2124 duo
1930 2055 2014 2148 petie
2031 2057 2070 2126 de
2089 2068 2170 2127 terre

757 2207 832 2256 cum
856 2185 1018 2278 integrum
1032 2185 1138 2278 ipsum
1163 2183 1299 2254 lundum
1322 2205 1419 2276 quem
1437 2183 1491 2252 ille
1506 2181 1644 2252 hahebat
1659 2183 1693 2252 in
1709 2181 1923 2276 suprascripto
1937 2183 2010 2252 loco
2024 2207 2082 2276 per
2101 2183 2170 2254 linis

753 2319 785 2378 et
809 2309 968 2378 mensuris
991 2307 1080 2377 belut
1096 2307 1131 2375 in
1149 2309 1216 2400 ipsa
1240 2307 1361 2376 cartula
1386 2307 1550 2376 continere
1574 2306 1714 2376 bidctur.
1735 2330 1799 2401 quc
1815 2309 1931 2399 scripta
1955 2321 2002 2378 est
2025 2331 2083 2401 per
2113 2334 2168 2402 pe-

750 2443 838 2504 rrum
856 2432 1028 2502 notarium.
1042 2430 1193 2500 roborata
1208 2452 1266 2522 per
1282 2431 1393 2500 bonum
1408 2429 1546 2499 indicem
1564 2439 1595 2498 et
1612 2451 1670 2521 per
1686 2429 1765 2498 alios
1780 2437 1885 2498 testes.
1906 2429 1979 2500 ideo
1997 2431 2076 2500 bero
2088 2433 2170 2500 iam-

751 2556 833 2629 dicta
859 2559 989 2630 ecclesia
1012 2559 1112 2627 sancti
1135 2557 1237 2626 marci
1260 2579 1324 2650 que
1346 2557 1493 2650 superius
1517 2557 1659 2628 diximus
1683 2579 1758 2627 cum
1780 2558 1910 2648 intepric
1924 2558 2081 2628 iamdictis
2104 2568 2167 2629 ter·

748 2684 795 2752 ris
819 2701 883 2776 que
907 2691 939 2752 et
963 2691 1097 2776 quantes
1128 2703 1188 2777 pro
1221 2683 1371 2754 iamdictc
1403 2682 1524 2752 cartule
1556 2681 1591 2751 in
1619 2681 1751 2752 nomine
1774 2704 1849 2752 meo
1872 2689 1981 2776 parate
2004 2682 2109 2754 babeo
2132 2693 2168 2755 ut

749 2808 891 2880 diximus
922 2811 957 2880 in
989 2811 1113 2904 prelato
1145 2812 1341 2882 monasterio
1371 2809 1517 2880 dedimus
1541 2821 1637 2903 atque
1661 2809 1848 2880 offeruimus
1872 2833 2034 2880 unacum
2058 2811 2167 2880 omnia

746 2929 793 3002 lbi
817 2934 904 3004 intro
927 2934 1118 3006 habentibus
1141 2936 1251 3008 subter
1274 2935 1327 3004 vel
1351 2957 1448 3027 super
1472 2943 1504 3004 et
1532 2955 1607 3004 cum
1634 2934 1696 3006 biis
1718 2933 1784 3004 suis
1807 2932 1947 3006 intrandi
1971 2943 2004 3006 ct
2027 2935 2165 3006 exiendi.

747 3071 883 3134 cuntum
907 3073 939 3132 et
959 3064 1122 3156 integrum
1137 3065 1223 3156 ipsos
1238 3065 1272 3132 in
1285 3064 1410 3156 prelato
1433 3062 1628 3132 monasterio
1652 3072 1758 3133 sancte
1771 3064 1875 3134 crucis
1899 3063 2045 3135 dedimus
2069 3073 2166 3158 atque

747 3185 946 3258 offeruimus.
971 3187 1022 3258 Ad
1048 3188 1279 3280 possessionem
1304 3187 1418 3279 prelati
1443 3183 1628 3254 monasterii
1653 3186 1741 3257 etde
1764 3187 1898 3282 eiusque
1922 3185 2090 3258 abbatibus
2112 3211 2165 3258 rc-

745 3308 899 3380 ctbribus.
925 3311 966 3380 ad
990 3311 1148 3381 abendum
1180 3320 1211 3379 et
1239 3309 1468 3404 possidendum
1499 3319 1531 3378 et
1556 3308 1736 3379 faciendum
1763 3311 1879 3390 exinde
1902 3310 2011 3380 omnia
2035 3332 2099 3404 que
2123 3309 2164 3380 nd

743 3457 818 3529 pars
840 3437 1045 3529 suprascripti
1069 3437 1255 3507 monasterii
1272 3437 1438 3530 placuerit.
1466 3437 1607 3531 Ideoque
1623 3457 1685 3528 ego
1701 3435 1898 3529 sichelgarda
1914 3437 1972 3530 qui
1989 3459 2063 3508 sum
2078 3457 2162 3508 uxor

743 3557 892 3629 bidehcet
914 3562 1123 3654 suprascripti
1146 3561 1275 3633 landolfi
1306 3559 1418 3630 comiti
1443 3569 1475 3630 et
1499 3561 1564 3632 filia
1588 3563 1752 3654 quondam
1778 3559 1928 3630 madelmi
1952 3557 2160 3631 comestabuli

741 3683 877 3756 Declaro
909 3709 962 3757 me
985 3688 1105 3759 habere
1134 3699 1280 3785 quartam
1314 3697 1436 3782 partem
1468 3689 1503 3760 in
1535 3688 1683 3790 iamdicta
1712 3688 1845 3759 ecclesio
1876 3689 1975 3757 sancti
2000 3688 2102 3758 marci
2126 3693 2159 3755 et

742 3809 902 3881 iamdictis
935 3812 1106 3882 territoriis
1137 3835 1202 3907 que
1233 3813 1447 3907 suprascripte
1476 3813 1596 3884 cartule
1625 3813 1795 3884 continunt
1822 3832 1920 3908 quem
1943 3812 2158 3906 suprascripto

740 3936 793 4006 vir
815 3957 908 4008 meus
939 3947 976 4009 ut
1007 3961 1104 4031 super
1136 3940 1170 4010 in
1201 3941 1345 4033 predicto
1377 3941 1572 4010 monasterio
1603 3939 1733 4011 offeruit
1757 3939 1952 4032 pertinentes
1975 3937 2076 4008 michi
2100 3959 2157 4030 per

740 4061 836 4132 illum
859 4085 969 4136 meum
992 4068 1146 4160 scriptum
1170 4071 1359 4164 morgincap
1386 4071 1443 4162 qui
1475 4067 1574 4139 michi
1601 4066 1745 4160 predicto
1774 4067 1847 4138 viro
1874 4087 1948 4136 meo
1979 4065 2156 4164 secundum

739 4187 811 4283 lege
831 4191 937 4262 datam
961 4201 993 4261 et
1017 4193 1165 4264 traditam
1189 4205 1237 4266 est
1259 4215 1367 4289 quem.
1396 4192 1571 4285 inspirante
1604 4191 1703 4264 michi
1737 4193 1918 4286 omnipotes
1941 4191 2018 4262 deus
2041 4190 2155 4261 eadem

738 4305 887 4408 quartam
911 4337 1017 4390 meam
1042 4319 1158 4388 exinde
1182 4320 1217 4388 in
1239 4320 1363 4412 prelato
1386 4315 1582 4388 monasterio
1605 4316 1682 4388 dare
1706 4318 1810 4414 adque
1834 4317 1950 4388 offerre
1965 4339 2026 4410 pro
2046 4315 2153 4386 mima

736 4443 852 4534 prelati
883 4444 947 4514 uiri
980 4446 1045 4514 mei
1077 4445 1163 4514 bolo.
1195 4454 1228 4514 et
1259 4445 1335 4514 ldeo
1367 4466 1429 4536 ego
1458 4443 1524 4512 iam
1558 4443 1723 4514 nominata
1753 4441 1965 4538 sichelgerda'
1981 4463 2046 4514 une
2077 4459 2153 4514 cum

736 4587 936 4640 consensum.
960 4579 993 4636 et
1016 4567 1227 4638 holumtatem
1249 4566 1422 4660 supradicti
1446 4566 1510 4636 riri
1525 4567 1749 4640 etmundoalti
1772 4566 1852 4636 mei:
1875 4567 1910 4636 in
1933 4565 2025 4636 cuius
2048 4585 2152 4636 mun·

736 4689 827 4764 dium
850 4715 903 4764 me
926 4691 1091 4763 subiacere
1116 4689 1305 4784 prebidcor:
1331 4713 1389 4785 per
1405 4689 1489 4764 hauc
1512 4689 1635 4762 cartula
1649 4711 1709 4786 pro
1723 4687 1898 4760 selbatiom
1915 4687 2021 4756 anime
2037 4707 2150 4780 supra·

735 4817 846 4913 scripti
877 4817 942 4892 riri
973 4817 1052 4890 mei.
1085 4817 1187 4891 ollero
1219 4818 1254 4890 in
1283 4817 1426 4914 predicto
1459 4817 1655 4893 monasterio
1678 4825 1784 4891 sancte
1807 4811 1911 4887 crucis
1934 4813 2058 4906 integra
2081 4811 2150 4904 ipsa
