4876 6520
665 1118 723 1167 an,
888 1082 980 1178 †1n
1011 1081 1143 1154 nomine
1173 1079 1299 1152 domini
1329 1078 1383 1150 dei
1413 1077 1584 1150 salvatoris
1615 1075 1720 1148 nostri
1751 1075 1849 1148 lbesn
1881 1074 2002 1148 Christi
2034 1077 2215 1172 lmperante

651 1229 739 1294 985.
794 1211 925 1286 domino
947 1216 1059 1280 nostro
1082 1206 1194 1278 besilio
1217 1227 1336 1298 magno
1358 1207 1555 1298 Imperatore
1583 1226 1668 1275 anno
1691 1203 1844 1276 bioesimo
1859 1203 1993 1298 quinto:
2007 1205 2065 1275 sed
2080 1215 2114 1276 et
2128 1227 2214 1275 oon-

794 1334 932 1410 stantino
954 1333 1052 1402 freter
1075 1331 1144 1402 eius
1167 1351 1287 1422 magno
1310 1329 1504 1423 imperatore
1528 1351 1612 1399 enno
1635 1327 1958 1400 vicesimosecundo:
1975 1327 2038 1400 Die
2053 1327 2214 1401 tricesimo

795 1455 913 1528 mensis
936 1453 1045 1548 uprilis
1068 1453 1243 1526 indictione
1264 1451 1486 1525 tertiadecima
1508 1451 1650 1546 neopolis
1667 1451 1802 1524 Certum
1825 1459 1874 1522 est
1896 1474 1950 1523 me
1973 1450 2151 1523 iohannem
2172 1476 2215 1523 u-

796 1580 908 1652 milem
930 1577 1153 1674 presbyterum
1177 1576 1279 1648 filiurn
1303 1577 1468 1672 quondam
1491 1575 1679 1648 baroncize
1701 1575 1842 1669 presenti
1866 1575 1918 1646 die
1941 1574 2096 1668 promitto
2122 1575 2217 1648 vobis

798 1706 932 1778 domino
955 1703 1067 1798 lilippo
1089 1701 1268 1775 venerabili
1295 1723 1460 1798 ygumeno
1487 1699 1674 1772 monasterii
1705 1707 1892 1771 sanctornm
1918 1701 2017 1792 sergii
2044 1711 2079 1774 et
2105 1701 2215 1774 besebi

799 1833 859 1928 qni
881 1854 968 1903 nunc
991 1839 1205 1926 congregatus
1226 1829 1325 1902 estin
1341 1827 1535 1900 monasterio
1558 1836 1742 1900 sanctorum
1765 1825 1916 1897 theodori
1931 1835 1965 1897 et
1980 1826 2147 1898 sebastiani
2163 1827 2217 1898 si-

800 1969 872 2030 tum
895 1960 929 2030 in
952 1956 1173 2030 biridierium:
1198 1964 1331 2051 propter
1346 1955 1471 2048 integre
1486 1955 1618 2026 eeclesia
1633 1963 1740 2027 vestre
1755 1951 1915 2026 uooebulo
1930 1961 2038 2024 sancte
2054 1954 2217 2027 enfimmie

800 2085 859 2178 qni
881 2083 941 2154 situ
964 2103 1032 2153 esse
1053 2079 1183 2152 bidetur
1197 2078 1233 2152 in
1248 2078 1380 2173 regione
1403 2078 1546 2150 liceriole
1569 2077 1662 2150 iuxta
1683 2097 1816 2150 murum
1831 2076 2010 2170 pertinente
2026 2079 2069 2150 de
2084 2099 2216 2150 memo-

802 2217 874 2279 rato
897 2216 1006 2279 sancto
1029 2215 1062 2280 et
1084 2205 1259 2278 venerabili
1282 2214 1391 2278 vestro
1414 2203 1628 2280 monasterio:
1644 2203 1703 2278 ubi
1718 2203 1851 2274 domino
1865 2204 1993 2277 bolente
2019 2228 2072 2278 me
2096 2205 2218 2277 ibidem

801 2331 967 2404 custodem
989 2329 1228 2404 bordinestitis:
1251 2331 1287 2401 ln
1311 2353 1352 2402 eo
1375 2339 1487 2404 tenore
1510 2340 1548 2402 ut
1566 2352 1629 2425 ego
1643 2329 1679 2402 in
1694 2330 1763 2425 ipsa
1785 2330 1941 2403 beoclesiu
1965 2339 2072 2404 vestro
2095 2333 2217 2406 dedier

801 2468 875 2529 unte
897 2457 994 2528 hores
1016 2457 1070 2528 uel
1092 2465 1166 2550 post
1187 2456 1284 2528 hores
1305 2455 1472 2529 boffieium
1495 2455 1723 2529 socerdotalem
1746 2457 1851 2528 lacere
1874 2455 1977 2528 debeo
1991 2455 2216 2530 lummimrio·

802 2608 877 2658 rum
899 2606 979 2656 uero
1001 2583 1244 2677 oonoignutione
1266 2583 1392 2654 oelebra
1415 2593 1448 2656 et
1471 2582 1603 2656 exivere
1625 2577 1742 2655 debeo:
1759 2580 1882 2653 eunetis
1898 2581 2011 2654 diebus
2035 2583 2102 2655 vite
2125 2606 2216 2672 mee:

801 2715 835 2780 et
857 2730 919 2802 pro
942 2705 1100 2778 elimoniis
1122 2706 1204 2779 meis
1227 2706 1383 2778 dedistitis
1410 2704 1515 2778 mibi:
1544 2707 1629 2778 ldest
1651 2707 1814 2799 integrum
1837 2703 1969 2778 bortum
1993 2707 2052 2800 qui
2075 2715 2217 2778 estante

801 2833 871 2906 ibse
894 2831 1047 2906 beoolesia
1069 2839 1176 2905 vestra
1198 2853 1263 2902 une
1286 2851 1362 2902 cum
1384 2829 1464 2901 cella
1487 2831 1546 2926 qui
1562 2839 1611 2902 est
1625 2830 1710 2902 inter
1725 2830 1832 2902 iheum
1847 2830 1980 2904 bortum
2000 2854 2058 2905 sen
2073 2831 2217 2927 pisobine

802 2961 862 3056 qni
884 2959 931 3030 ibi
954 2967 1002 3031 est
1025 2966 1058 3029 at
1080 2979 1145 3029 una
1168 2979 1246 3028 eum
1267 2964 1425 3051 quantum
1448 2964 1481 3028 at
1507 2955 1576 3028 ibsu
1598 2955 1755 3028 hecclesia
1779 2963 1885 3027 vestra
1908 2957 2047 3050 pertinet
2068 2979 2146 3030 eum
2168 2960 2219 3032 in·

804 3087 917 3158 troitus
941 3105 1054 3154 eorum
1076 3095 1110 3154 et
1131 3082 1282 3152 omnibus
1304 3083 1352 3152 eis
1373 3083 1626 3176 pertinentibus:
1650 3083 1689 3154 Iu
1712 3105 1753 3154 eo
1776 3105 1856 3155 vero
1889 3091 2001 3155 tenore
2029 3093 2065 3157 ut
2087 3085 2123 3156 in
2150 3109 2222 3159 mea

806 3211 849 3284 sit
871 3217 1059 3304 potestatem
1083 3207 1195 3280 diebus
1217 3207 1284 3280 uite
1307 3229 1379 3280 mee
1402 3207 1475 3278 illos
1498 3208 1627 3278 tenendi
1652 3213 1685 3278 et
1708 3208 1913 3284 dominandi:
1928 3233 1987 3282 seu
2002 3211 2224 3285 curiositatem

806 3337 842 3408 iu
877 3333 1027 3408 omnibus
1049 3355 1111 3426 ego
1135 3331 1259 3404 abendo
1282 3331 1431 3427 quiuquit
1461 3330 1596 3403 baluero
1631 3353 1796 3428 quamque
1824 3335 1997 3428 frugiando
2026 3343 2065 3406 ut
2088 3337 2130 3408 de
2153 3337 2223 3432 ipsa

805 3445 913 3556 nogia
935 3459 1051 3532 faciem
1074 3479 1136 3550 ego
1159 3479 1225 3553 que
1247 3457 1403 3530 volueror
1427 3465 1461 3528 et
1483 3456 1591 3528 omnin
1616 3457 1706 3552 quod
1729 3457 1777 3527 ibi
1793 3458 1827 3530 in
1844 3457 1913 3553 ipsu
1928 3457 2085 3532 beoelesis
2108 3461 2221 3532 bobla-
2360 3509 2365 3555 =,

805 3599 876 3660 tum
899 3587 997 3660 fuerit
1019 3609 1039 3658 a
1061 3585 1187 3658 viribus
1209 3594 1242 3656 et
1265 3611 1284 3656 o
1306 3585 1498 3658 mulieribus
1521 3607 1593 3657 mee
1615 3585 1657 3656 sit
1680 3587 1865 3680 potestatis:
1888 3587 1917 3658 si
1934 3595 2043 3660 entem
2058 3589 2157 3661 fuerit
2172 3590 2222 3660 in-

805 3714 958 3786 mobilem
981 3722 1038 3783 aut
1060 3733 1265 3806 quecumque
1288 3710 1442 3783 mobilem
1465 3711 1623 3782 maiorem
1646 3713 1708 3783 siat
1729 3693 1904 3786 boliertum
1927 3715 1962 3784 in
1984 3715 2053 3808 ipsa
2069 3714 2220 3788 beoolesia

805 3849 930 3914 vestra:
966 3848 999 3912 et
1031 3861 1211 3933 numquam
1235 3837 1458 3932 presummetis
1481 3859 1540 3908 vos
1563 3859 1622 3909 seu
1645 3839 1781 3932 posteris
1804 3839 1919 3911 vestris
1943 3863 2003 3912 nee
2027 3852 2218 3913 memoratus

808 3971 935 4034 sanctus
957 3971 990 4032 et
1012 3961 1203 4034 venerabilis
1225 3970 1332 4032 vester
1354 3961 1549 4032 monasterio
1576 3960 1646 4032 ibsu
1669 3959 1824 4032 hecclesie
1847 3972 1954 4034 vestre
1976 3987 2052 4036 eum
2076 3966 2220 4038 omnibus

809 4089 871 4160 sivi
894 4088 1144 4182 pertinentibus:
1170 4096 1208 4158 ut
1229 4110 1327 4181 super
1349 4088 1469 4181 legitur
1485 4087 1598 4160 diebus
1613 4086 1680 4160 vite
1696 4110 1767 4160 mee
1790 4087 1865 4160 illos
1889 4089 2002 4162 tollere
2025 4100 2082 4162 aut
2107 4093 2222 4188 quale·

811 4237 952 4309 eumque
974 4237 1110 4308 persona
1132 4237 1188 4285 eos
1210 4215 1286 4286 dure
1308 4239 1367 4309 per
1390 4215 1517 4287 nullum
1541 4217 1675 4288 modum
1700 4216 1823 4287 eunetis
1842 4217 1953 4290 diebm
1970 4221 2036 4293 rite
2052 4243 2140 4294 mee:
2156 4231 2222 4294 ten·

812 4337 980 4410 tummodo
1003 4359 1065 4430 ego
1088 4336 1201 4408 diebus
1232 4337 1298 4408 vite
1325 4359 1397 4408 mee
1432 4337 1524 4408 vobis
1556 4339 1757 4436 posterisque
1791 4341 1962 4412 nostriset
1986 4343 2022 4413 in
2048 4358 2222 4415 memorato

813 4457 924 4538 sancto
947 4475 980 4535 et
1001 4462 1176 4535 venerubili
1200 4472 1308 4534 vestro
1332 4464 1526 4535 monasterio
1541 4488 1599 4558 per
1615 4469 1703 4538 omni
1727 4489 1835 4538 annuo
1858 4469 2000 4564 dirigere
2024 4471 2127 4543 debeo
2143 4475 2223 4545 ldest

813 4593 878 4664 due
901 4591 990 4686 pario
1014 4593 1054 4663 de
1078 4589 1205 4664 boblete
1234 4614 1338 4663 unum
1368 4592 1495 4684 parium
1530 4590 1646 4666 exinde
1669 4595 1704 4664 in
1727 4595 1891 4669 nativitate
1925 4597 2047 4668 domini
2073 4609 2106 4669 et
2129 4597 2226 4670 alium
2378 4621 2379 4624 ’

814 4739 915 4788 unum
938 4718 1065 4811 perium
1089 4716 1206 4789 exinde
1228 4717 1263 4787 in
1286 4727 1431 4789 sonetum
1454 4742 1547 4811 pesoe
1571 4720 1692 4791 nullum
1716 4742 1758 4790 en
1781 4721 1849 4814 ipsa
1873 4724 1936 4794 dou
1961 4724 2050 4816 pario
2074 4727 2115 4798 de
2138 4725 2228 4795 bob-

704 4937 711 4952 ,
814 4841 876 4914 late
900 4863 959 4935 per
981 4840 1071 4914 omni
1095 4865 1203 4913 ennuo
1219 4864 1278 4937 per
1292 4841 1360 4914 ibsa
1383 4843 1555 4915 constitute
1579 4844 1739 4916 mittentes
1764 4843 2008 4918 beccensionem
2027 4871 2084 4940 per
2100 4848 2227 4922 nudum
