4876 6520
373 1183 405 1276 †
428 1185 465 1254 ln
489 1185 620 1255 nomine
644 1182 767 1256 domini
791 1184 956 1257 salvatoris
979 1187 1083 1259 nostri
1098 1187 1193 1258 lbesu
1209 1184 1329 1256 Christi
1345 1163 1411 1265 Dei,
1422 1187 1563 1257 aeterni:
1582 1186 1700 1258 Aloa'ra
1768 1219 1826 1264 an.

279 1316 313 1380 et
335 1309 550 1381 Laudenollus
574 1309 681 1379 divina
705 1310 871 1382 ordinante
894 1312 1096 1404 providentia
1120 1311 1392 1402 langovardorum
1416 1312 1519 1403 gentis
1534 1313 1699 1406 princeps:
1755 1331 1840 1391 989.

280 1457 354 1506 cum
379 1434 564 1528 principalis
588 1435 773 1506 excellentia
797 1437 943 1528 petitioni
966 1437 1072 1508 dilecti
1096 1437 1146 1508 sui
1170 1438 1290 1528 petenti
1314 1437 1488 1507 clementer
1511 1441 1597 1508 favet
1612 1489 1620 1506 .
1636 1489 1645 1508 .
1659 1490 1691 1509 ..

279 1562 484 1656 Quapropter
499 1559 625 1632 noverit
648 1563 795 1631 omnium
810 1562 953 1634 fidelium
969 1572 1154 1633 nostrorum
1171 1564 1368 1654 presentium
1384 1565 1504 1634 scilicet
1519 1587 1557 1634 ac
1573 1566 1701 1635 futuro-

280 1709 354 1758 rum
370 1687 523 1757 sollertia.
541 1687 617 1781 quia
635 1685 811 1756 Adenollus
828 1686 1017 1757 venerabilis
1034 1685 1260 1778 archipresule.
1277 1689 1457 1760 obsecravit
1473 1700 1625 1760 nostram.
1642 1715 1701 1761 ex-

281 1814 470 1886 cellentiam.
494 1826 652 1907 quatenus
675 1816 718 1884 ob
734 1814 868 1886 hamore
884 1814 1112 1906 omnipotentis
1125 1813 1178 1884 dei
1195 1825 1226 1884 et
1241 1815 1417 1886 salbatione
1432 1818 1563 1888 baulme
1581 1829 1699 1890 nostre.

280 1941 537 2010 concederemus.
561 1947 593 2008 et
616 1941 879 2010 confirmaremus
903 1942 936 2010 in
961 1941 1156 2011 monasterio
1181 1951 1290 2011 nostro
1315 1940 1473 2012 bocabulo
1497 1945 1598 2014 sancti
1623 1946 1701 2013 lau-

281 2067 362 2138 renti
387 2074 570 2136 constructo
594 2069 679 2136 intro
703 2067 786 2137 hanc
815 2091 992 2161 capuanam
1016 2069 1178 2141 civitatem
1203 2069 1236 2140 in
1261 2072 1393 2163 propria
1416 2081 1525 2141 nostra
1550 2083 1644 2142 terra.
1670 2083 1702 2141 et

280 2217 372 2288 presa
394 2196 578 2289 propinquu
601 2206 694 2287 porta
718 2196 775 2288 qui
799 2197 917 2270 dicitur
940 2221 1092 2291 capoana.
1117 2209 1154 2269 ut
1174 2201 1300 2270 amodo.
1325 2210 1357 2270 et
1374 2199 1522 2292 deinceps
1547 2199 1702 2270 bavercnt

282 2331 314 2392 et
326 2321 524 2416 possiderent
536 2344 610 2413 pars
626 2321 746 2391 iamfati
763 2322 865 2392 nostri
881 2323 1066 2394 monasterii
1087 2333 1119 2393 et
1141 2323 1276 2417 eiusque
1298 2325 1445 2394 custodes
1467 2335 1565 2418 atque
1587 2333 1701 2394 recto-

281 2468 341 2518 res.
357 2469 487 2518 omnem
510 2447 678 2518 servitium
696 2459 728 2520 et
744 2449 997 2543 imperationem.
1021 2448 1170 2520 videlicet
1192 2475 1314 2542 eguum
1329 2474 1387 2544 per
1402 2453 1570 2522 servitium
1594 2452 1703 2544 publi-

281 2590 357 2637 cum
379 2567 559 2638 faciendum
583 2579 615 2638 et
638 2571 784 2661 angarias
800 2583 832 2643 et
846 2572 973 2664 rigibus
988 2571 1127 2642 civitatis
1146 2583 1178 2643 et
1192 2597 1315 2644 muros.
1334 2575 1385 2644 vel
1400 2585 1504 2645 turres
1520 2577 1703 2648 custodien-

281 2693 361 2766 dum
385 2700 487 2762 ostem
511 2717 642 2786 quoque
666 2703 698 2763 et
721 2696 794 2766 data
818 2721 882 2790 que
905 2705 953 2768 est
975 2696 1129 2790 pensione
1153 2698 1281 2792 publica
1296 2711 1327 2770 et
1342 2701 1403 2770 alia
1427 2723 1571 2796 quoque.
1593 2703 1702 2773 omnia

279 2813 489 2910 servitiaque
506 2819 817 2912 quomodocumque
840 2820 986 2912 partibus
1009 2821 1185 2916 reipublice
1208 2834 1315 2894 nostre
1339 2826 1483 2918 legaliter
1501 2827 1554 2898 vel
1569 2828 1604 2896 in
1620 2827 1702 2899 iuste

278 2941 390 3012 tollere
413 2941 466 3012 vel
490 2965 587 3036 super
617 2966 737 3036 ponere
774 2944 913 3016 voluerit
935 2954 991 3016 aut
1014 2947 1165 3040 potuerit.
1192 2957 1227 3018 ut
1252 2949 1358 3020 nullus
1389 2950 1490 3022 bomo
1522 2954 1703 3026 laciendum

279 3067 396 3138 exinde
419 3067 599 3138 molestiam
623 3079 680 3140 aut
703 3072 970 3144 contrarietatem.
984 3097 1057 3167 pars
1075 3076 1230 3168 iamphati
1246 3077 1444 3148 monasterii.
1465 3089 1496 3149 et
1513 3081 1554 3150 ab
1569 3081 1704 3176 eiusque

278 3196 426 3265 custodes
449 3196 555 3289 adque
578 3207 726 3268 rectores.
751 3200 861 3268 omnia
885 3201 994 3293 itaque
1017 3201 1147 3271 servitia
1176 3213 1208 3272 et
1231 3205 1376 3274 dationes
1400 3227 1604 3298 quecumque
1629 3231 1704 3300 par-

279 3316 364 3388 tibus
389 3318 567 3411 reipublice
589 3331 698 3392 nostre
722 3323 757 3392 iu
780 3333 891 3394 sancto
907 3325 1103 3394 monasterio
1119 3333 1229 3395 nostro
1245 3335 1278 3395 et
1294 3327 1334 3396 ad
1351 3326 1419 3396 eius
1434 3328 1581 3398 custodes
1599 3331 1704 3423 adque

279 3453 418 3516 rectores
441 3445 586 3537 legaliter
610 3447 664 3517 vel
688 3448 722 3518 in
745 3449 829 3520 iuste
853 3449 965 3520 tollere
989 3449 1042 3519 vel
1064 3473 1161 3543 super
1187 3473 1307 3544 ponere
1328 3453 1470 3524 voluerit
1490 3466 1546 3524 aut
1560 3456 1703 3546 potuerit

280 3583 312 3642 et
334 3596 392 3666 per
415 3573 523 3646 omnia
548 3584 584 3645 ut
606 3575 730 3647 dictum
753 3589 801 3648 est
824 3579 860 3648 in
882 3589 992 3650 sancto
1015 3579 1152 3649 cenovio
1175 3578 1398 3648 concedemus.
1422 3580 1472 3648 De
1496 3579 1614 3670 quibus
1646 3605 1704 3672 pe-

279 3695 319 3765 tit
342 3721 359 3764 a
383 3707 491 3766 nostra
515 3698 701 3768 excellentia
726 3719 763 3769 ut
786 3699 946 3772 firmitatis
970 3701 1074 3794 apices
1099 3703 1130 3773 ei
1153 3701 1269 3774 exinde
1293 3702 1362 3772 lieri
1386 3701 1582 3772 iuberemus.
1609 3704 1703 3775 cuius

280 3821 469 3913 petitionem
493 3821 630 3890 libenter
648 3824 854 3896 exaudientes
877 3824 937 3894 bos
961 3823 1121 3896 firmitatis
1146 3825 1250 3918 apices
1267 3826 1297 3896 ci
1314 3826 1429 3896 exinde
1455 3825 1524 3895 lieri
1541 3825 1702 3896 iussimus.

281 3949 343 4018 Per
358 3967 440 4041 quos
452 3944 585 4016 omnino
599 3949 769 4020 sancimus.
786 3960 819 4019 et
834 3951 1063 4042 perpetualiter
1080 3953 1277 4022 manendum
1293 3952 1419 4024 nostris.
1435 3963 1468 4022 et
1482 3953 1598 4023 futuris
1617 3964 1703 4026 tem-

280 4070 436 4163 poribus:
460 4070 667 4141 concedimus
690 4072 724 4140 in
748 4080 859 4141 sancto
875 4073 1071 4147 monasterio
1089 4075 1177 4146 etad
1194 4074 1263 4144 eius
1279 4077 1426 4146 custodes
1442 4077 1546 4169 adque
1562 4088 1703 4148 rectores

282 4221 412 4270 omnem
435 4198 606 4270 servitium
630 4211 662 4268 et
685 4199 929 4292 imperationem
952 4201 1103 4275 videlicet
1126 4226 1248 4297 equum
1272 4227 1330 4296 per
1353 4203 1520 4274 servitium
1537 4203 1704 4298 publicum

282 4328 464 4398 iaciendum
488 4337 521 4398 et
545 4328 691 4420 angarias
715 4341 747 4399 et
771 4329 898 4422 vigilias
921 4331 1061 4402 civitatis
1077 4342 1109 4402 et
1126 4354 1235 4402 muros
1260 4331 1311 4402 vel
1337 4341 1442 4402 turres
1458 4333 1704 4404 custodiendum

282 4467 384 4526 ostem
409 4479 540 4550 quoque
566 4469 599 4528 et
623 4457 695 4528 data
721 4482 785 4552 que
810 4468 858 4530 est
881 4459 1035 4552 pensione
1059 4459 1188 4553 publica
1212 4471 1245 4530 et
1268 4461 1329 4531 alia
1353 4485 1486 4556 quoque
1509 4463 1619 4532 omnia
1637 4485 1706 4532 ser-

282 4585 362 4654 vitia
387 4608 451 4677 que
475 4584 782 4680 quomodocumque
806 4587 951 4680 legaliter
974 4589 1027 4658 vel
1049 4588 1084 4658 in
1107 4589 1191 4658 iuste
1215 4591 1359 4682 partibus
1383 4592 1559 4684 reipublice
1595 4602 1704 4664 nostre

284 4711 396 4783 tollere
422 4711 473 4782 vel
496 4733 593 4806 super
616 4737 737 4806 ponere
760 4715 901 4786 voluerit
916 4727 973 4786 aut
988 4717 1129 4810 potuerit
1146 4719 1185 4788 ad
1201 4720 1417 4812 suprascripto
1440 4731 1550 4789 sancto
1567 4721 1704 4792 cenorio

288 4851 319 4908 et
344 4839 384 4908 ad
408 4837 477 4908 eius
500 4837 646 4910 custodes
670 4841 775 4938 adque
799 4854 940 4913 rectores
974 4843 1083 4913 omnia
1109 4855 1142 4914 et
1166 4844 1199 4914 in
1223 4845 1375 4914 omnibus
1399 4855 1435 4914 ut
1464 4847 1639 4938 prelegitur
1670 4849 1705 4918 in

286 4971 394 5033 sancto
420 4959 614 5036 monasterio
636 4963 765 5036 servitia
789 4963 857 5058 ipsa
880 4965 1095 5041 concessimus
1119 4967 1159 5040 de
1184 4967 1304 5062 quibus
1319 4966 1355 5036 in
1370 4967 1515 5061 partibus
1531 4969 1707 5063 reipublice

284 5107 290 5110 “
1285 5107 1325 5166 12
