4876 6520
388 1196 478 1290 †ln
500 1197 633 1269 nomine
656 1197 783 1273 domini
806 1199 859 1274 dei
882 1199 1052 1274 salvatoris
1066 1202 1170 1276 nostri
1185 1201 1279 1274 lhesu
1304 1200 1426 1276 Christi
1447 1206 1630 1301 lmperente
1651 1212 1718 1284 do-
1793 1234 1843 1282 an.

294 1323 386 1394 mino
409 1331 519 1396 nostro
541 1323 657 1396 basilio
680 1345 799 1418 magno
822 1329 1021 1418 imperatore
1044 1347 1130 1396 enno
1153 1327 1307 1398 vicesimo
1331 1327 1471 1400 boetabo
1494 1333 1550 1404 sed
1574 1342 1607 1404 et
1631 1358 1716 1406 oon-
1769 1343 1856 1407 988.

295 1449 435 1520 stantino
458 1471 577 1544 magno
598 1451 797 1544 Imperatore
818 1473 906 1522 anuo
921 1449 1207 1543 vioesimoquinto:
1231 1449 1284 1522 die
1298 1451 1460 1524 tricesima
1473 1455 1579 1547 prima
1594 1459 1716 1531 mensis

296 1577 398 1672 magii
421 1577 597 1648 indictione
620 1577 725 1671 prima
748 1577 902 1671 neapoli:
927 1577 1060 1649 Certum
1083 1585 1132 1648 est
1154 1600 1209 1647 me
1231 1587 1325 1670 petro
1348 1580 1449 1652 nmile
1472 1582 1711 1674 presbiterum:

296 1725 316 1772 a
338 1703 479 1795 presenti
495 1701 547 1772 die
563 1702 719 1796 promitto
734 1701 829 1774 vobis
844 1701 978 1774 domino
992 1702 1140 1796 filippum
1158 1703 1337 1774 venerabili
1355 1703 1510 1797 igumeno
1524 1712 1712 1782 monasterii

296 1807 482 1900 sanctornm
506 1829 604 1921 sergii
627 1836 661 1899 et
682 1828 778 1900 barbi
801 1829 860 1924 qui
883 1851 970 1898 nuno
989 1837 1203 1921 oougregatus
1219 1850 1253 1900 es
1269 1827 1304 1897 in
1319 1833 1516 1904 monmterio
1528 1843 1713 1906 sanctornm

296 1951 443 2024 theodori
468 1964 501 2023 et
523 1952 695 2022 sevestiani
719 1951 777 2050 qni
800 1950 980 2046 appellabar
1001 1952 1161 2044 casapicta
1183 1952 1280 2022 sitam
1301 1951 1336 2022 in
1352 1953 1517 2025 viridiario
1535 1965 1570 2024 et
1585 1965 1619 2025 at
1633 1983 1715 2030 eun·

296 2089 344 2150 tas
368 2080 618 2174 congregatione
641 2077 878 2151 monachorum
899 2081 1072 2152 memorati
1096 2080 1197 2152 saneti
1212 2088 1246 2150 et
1260 2079 1453 2152 venerabilis
1475 2081 1576 2154 vestri
1598 2105 1715 2154 mona-

295 2204 404 2275 sterii:
440 2213 473 2274 et
503 2203 635 2274 domina
666 2203 822 2296 eupraxia
852 2200 987 2274 honesta
1018 2205 1139 2274 lemina
1162 2213 1196 2275 et
1219 2207 1371 2298 gregorio
1394 2209 1530 2283 uterinis
1550 2215 1717 2304 germanis

297 2327 373 2400 liliis
396 2327 560 2422 quondam
584 2326 708 2400 domini
731 2324 881 2399 iohannis
904 2335 941 2400 tn
964 2335 1143 2398 memorata
1166 2326 1299 2398 domina
1322 2331 1477 2422 eupraxia
1500 2332 1634 2406 honesta
1657 2337 1716 2408 le-

297 2451 386 2522 mine
417 2471 494 2522 cunr
525 2450 690 2520 voluntate
719 2449 845 2525 duranni
867 2451 1012 2545 gregorii
1034 2452 1100 2522 siri
1125 2453 1192 2522 tui:
1216 2449 1279 2520 hoe
1301 2460 1350 2522 est
1370 2463 1556 2524 consortes:
1580 2467 1715 2551 propter

297 2576 431 2670 integris
453 2571 660 2666 portionibus
681 2573 798 2645 vestris
820 2574 860 2645 de
882 2573 1017 2646 eeclesia
1040 2583 1146 2646 vestra
1169 2574 1328 2646 uocabrrlo
1350 2577 1452 2646 sancti
1476 2577 1625 2656 iobnnuis
1648 2605 1714 2660 eu-

297 2695 497 2793 guangelistu
518 2697 618 2770 situm
640 2696 676 2768 in
698 2697 774 2770 vioo
797 2695 941 2770 anano
957 2696 1091 2791 regione
1106 2706 1200 2790 porta
1213 2700 1316 2770 saneti
1332 2697 1611 2772 ianuariieteum
1629 2703 1714 2774 inte·

298 2825 364 2918 gris
379 2821 583 2919 portionibus
606 2822 722 2897 restris
737 2821 777 2893 de
791 2821 890 2894 rebus
905 2829 938 2894 et
951 2821 1128 2892 substantia
1144 2829 1177 2892 et
1191 2821 1420 2894 abitafimibus
1438 2847 1496 2896 seu
1509 2827 1715 2920 portionibus

296 2949 382 3020 suis:
405 2949 464 3018 ubi
487 2948 621 3020 domino
644 2949 706 3020 deo
726 2947 857 3021 volente
878 2967 934 3018 me
957 2945 1077 3022 ibidem
1099 2948 1233 3020 custode
1256 2935 1458 3043 posuisimus
1481 2953 1587 3024 euntis
1600 2953 1714 3028 diebus

295 3073 361 3144 vite
384 3093 474 3145 mee:
499 3085 536 3144 ut
560 3073 677 3144 amodo
699 3082 733 3144 et
754 3071 907 3146 omnibus
931 3073 1044 3146 diebus
1067 3073 1136 3145 vite
1162 3093 1235 3144 mee
1257 3074 1294 3144 in
1316 3097 1390 3168 mea
1412 3079 1455 3148 sit
1468 3087 1640 3170 potestate:
1664 3090 1714 3150 te-

296 3200 395 3272 nendi
419 3209 453 3270 et
468 3199 655 3270 dominandi
678 3207 711 3268 et
733 3220 832 3292 super
855 3197 976 3270 ibidem
1000 3197 1143 3270 abitmdi
1166 3207 1200 3266 et
1219 3197 1383 3268 residendi
1407 3206 1439 3270 et
1453 3200 1523 3294 ipsa
1546 3225 1598 3274 res
1618 3202 1712 3274 labo-

294 3322 387 3392 rnudi
403 3331 436 3391 et
460 3331 493 3391 at
515 3320 682 3394 lavorandi
704 3319 801 3390 dandi
824 3317 989 3390 tribuendi
1004 3325 1037 3390 et
1052 3317 1211 3390 lruiendi:
1234 3326 1268 3388 et
1281 3319 1323 3390 de
1339 3319 1408 3412 ipsa
1421 3321 1549 3416 refugia
1572 3325 1712 3398 facienti

293 3451 403 3520 omniu
426 3472 490 3544 que
512 3447 673 3520 volueriut
697 3455 731 3518 et
753 3468 851 3520 omne
879 3447 1023 3520 officium
1046 3445 1244 3519 sacerdotale
1258 3445 1312 3518 die
1327 3455 1525 3542 noetumque
1548 3451 1654 3524 lacere
1677 3461 1711 3522 et

295 3575 426 3648 eriveus
458 3574 632 3646 debeamus
662 3573 732 3646 sine
764 3595 838 3646 oras
860 3580 899 3645 ut
920 3578 1013 3668 atput
1035 3572 1114 3644 deus
1137 3570 1220 3640 mibi
1242 3571 1314 3640 laus
1336 3579 1372 3640 et
1395 3572 1511 3642 merois
1535 3584 1708 3648 atereseat:

294 3691 327 3770 et
349 3721 410 3793 pro
436 3699 507 3768 eliis
529 3697 650 3768 moniis
672 3696 754 3766 meis
775 3691 935 3770 dedistitis
957 3702 991 3768 et
1006 3695 1206 3768 tradidistitia
1221 3693 1304 3764 mibi
1321 3703 1354 3764 et
1368 3693 1493 3786 integre
1509 3696 1711 3788 portionibus

293 3821 408 3896 vestris
431 3819 471 3890 de
495 3825 674 3889 memorate
696 3817 794 3891 rebus
817 3824 851 3892 et
873 3818 944 3916 ipse
967 3817 1173 3914 portionibus
1195 3815 1312 3888 vestris
1327 3815 1367 3886 de
1382 3825 1558 3885 memorata
1578 3818 1710 3890 eeclesia

294 3948 490 4042 pertinentes
506 3967 565 4039 per
579 3943 695 4040 quobis
710 3945 858 4016 modum:
875 3952 910 4015 et
924 3945 1152 4040 quodcumque
1168 3941 1328 4012 introierit
1343 3940 1377 4010 iu
1395 3951 1572 4012 memorate
1587 3945 1711 4036 portio-

295 4071 390 4142 nibus
404 4071 521 4142 vestris
535 4071 576 4142 de
592 4075 770 4140 memorata
784 4065 918 4140 eeclesia
933 4089 952 4138 e
966 4063 1092 4138 viribus
1109 4074 1142 4136 et
1156 4089 1176 4135 a
1189 4065 1393 4138 mulierimus
1407 4063 1469 4136 siet
1480 4067 1517 4136 in
1532 4089 1604 4138 mea
1618 4079 1711 4162 pote

295 4207 377 4270 state
388 4196 418 4268 si
432 4195 532 4268 fueris
546 4194 704 4268 inmobile
719 4195 782 4266 siat
797 4194 844 4266 im
857 4213 932 4266 mea
945 4201 1104 4289 prtestete
1118 4194 1147 4266 si
1163 4200 1271 4266 autem
1287 4217 1354 4266 non
1368 4195 1466 4266 llrerit
1479 4195 1635 4268 inmobile
1650 4197 1712 4268 siat

296 4325 330 4396 in
346 4327 503 4417 potestate
519 4320 560 4391 do
574 4328 751 4392 memorata
766 4317 914 4392 eeclesiae
932 4318 1123 4393 tantumodo
1135 4318 1228 4390 omni
1243 4342 1350 4416 unnue
1365 4343 1428 4414 ego
1439 4321 1712 4396 omnibusdiebur

295 4451 363 4520 vite
386 4466 459 4519 mee
478 4449 572 4520 vobis
588 4447 769 4542 veniaque
782 4444 921 4541 posteris
936 4453 969 4520 et
982 4444 1154 4520 heredibus
1170 4443 1285 4518 vestris
1299 4444 1376 4516 dare
1391 4454 1424 4517 et
1437 4445 1579 4542 dirigere
1594 4447 1711 4520 debea-

295 4593 369 4644 mus
379 4575 500 4646 oblates
515 4575 604 4669 paria
620 4583 773 4672 quattuor
788 4573 822 4644 in
838 4573 1006 4645 uutibitate
1020 4573 1144 4646 domini
1156 4574 1279 4646 oblates
1289 4574 1379 4668 paria
1393 4573 1456 4646 due
1469 4583 1503 4646 et
1517 4574 1551 4644 in
1562 4583 1711 4646 sanem

295 4719 389 4794 pasee
412 4699 562 4772 similiter
584 4699 674 4794 paria
697 4699 761 4772 dua
784 4699 854 4772 sine
877 4700 987 4776 omnin
1001 4701 1232 4774 natatione:
1257 4699 1351 4774 robis
1374 4709 1554 4772 memorato
1576 4699 1711 4772 domino

295 4823 477 4920 philippum
491 4823 667 4896 venerabili
673 4825 838 4928 ⁸igumeno
854 4835 887 4899 et
899 4835 932 4898 et
946 4828 1084 4920 posteris
1100 4827 1165 4900 tuis
1179 4827 1270 4922 paria
1284 4826 1348 4898 dua
1372 4835 1405 4897 et
1428 4825 1523 4896 vobis
1538 4828 1711 4897 memorati

296 4946 458 5042 germanis
490 4946 639 5020 similiter
669 4947 759 5043 paria
791 4949 855 5022 dua
878 4956 912 5022 et
933 4947 1107 5023 heredibus
1129 4951 1262 5022 ιιιιιίιε
1290 4958 1322 5020 et
1346 4972 1412 5020 non
1434 4948 1560 5019 abeatis
1583 4947 1712 5020 lieentia

401 5071 464 5140 Vol.
489 5071 554 5140 111.
1336 5085 1373 5144 ιι
