4906 6520
912 683 1056 782 (191)

345 1229 395 1326 †
418 1227 456 1300 lu
476 1226 757 1303 comortamini
781 1228 834 1301 alei
856 1227 1027 1302 salvatoris
1049 1229 1155 1302 nostri
1177 1228 1274 1303 lbesu
1288 1226 1408 1301 Christi
1424 1227 1606 1323 imperante
1622 1231 1684 1302 do-
1747 1257 1804 1304 an.

258 1349 359 1432 ¹mino
380 1365 492 1428 nosue
514 1356 628 1428 basilio
650 1377 769 1450 magno
792 1357 1001 1451 Imperatore:
1026 1379 1111 1434 anno
1133 1357 1297 1430 tricesimo
1311 1379 1399 1430 nono
1412 1359 1470 1433 secl
1485 1367 1517 1429 et
1532 1366 1680 1429 consun-
1733 1367 1818 1430 999.

268 1486 337 1556 tino
359 1485 458 1567 irater
480 1485 551 1557 eius
572 1499 690 1578 magno
713 1483 922 1576 imperatorer
945 1489 1030 1556 anuo
1054 1473 1217 1571 trices'imo
1239 1495 1332 1558 sexto
1355 1485 1409 1558 die
1424 1486 1536 1581 quinta
1559 1483 1682 1558 decima

268 1610 388 1682 mensis
409 1609 493 1681 iunii
524 1608 697 1682 indictione
728 1611 917 1683 duodecima
948 1608 1096 1704 neapoli:
1129 1609 1270 1716 ltlerissi¹
1286 1609 1452 1684 (libisioms
1475 1596 1556 1682 tacta
1589 1631 1685 1682 ame

269 1738 453 1830 paubleone
474 1737 625 1810 terrario
634 1735 738 1832 filium
759 1738 923 1833 quondam
935 1733 1020 1830 petri
1034 1745 1067 1806 ct
1079 1735 1243 1829 quondam
1257 1733 1358 1806 maria
1375 1737 1433 1830 qui
1448 1735 1601 1812 merenda
1618 1735 1683 1806 cla·

270 1870 376 1934 matur
397 1861 558 1956 iugalibus
573 1863 613 1934 de
628 1861 742 1933 domos
756 1835 897 1934 nostras:
923 1862 982 1956 qui
996 1861 1089 1953 nobis
1104 1858 1241 1953 pertinet
1254 1881 1313 1953 per
1326 1861 1510 1932 memoratis
1525 1859 1686 1952 iugalibus

270 1986 490 2078 genitoribuse
514 1987 653 2056 mia:
678 1984 899 2076 positeintusr
921 1983 1153 2054 unccibitatia:
1170 1979 1687 2078 neapolisinbicoquinomina-

268 2120 322 2182 tur
336 2113 376 2184 ‹le
390 2123 535 2183 sanctum
551 2111 738 2204 georgium:
754 2109 790 2179 in
803 2109 966 2181 moenia:
982 2117 1014 2179 et
1027 2107 1220 2200 in'regioue:
1237 2107 1430 2181 torcellensi:
1448 2129 1528 2203 quaes
1542 2107 1688 2180 ‹libidera

269 2236 358 2307 bitus
379 2255 453 2307 sum
475 2233 666 2306 intertium
686 2240 779 2323 puts
808 2233 893 2306 inter
915 2250 970 2302 rnc
992 2241 1025 2302 et
1046 2241 1079 2302 te
1100 2229 1252 2302 bidelicet
1271 2243 1399 2323 gemma
1431 2229 1580 2302 buterina
1606 2255 1687 2326 ger-

271 2362 365 2430 mana
388 2379 479 2426 mea:
511 2376 574 2446 ego
605 2361 783 2425 memorato
805 2353 949 2446 pantoleo
971 2353 1107 2426 ferrario
1138 2376 1200 2448 pro
1222 2354 1294 2426 bico
1324 2376 1396 2424 mea
1421 2363 1453 2426 et
1474 2354 1632 2446 probioa
1655 2365 1688 2428 et
1770 2395 1779 2412 ·

271 2482 418 2579 portione
441 2481 610 2576 quidam.
624 2528 633 2546 .
727 2498 877 2572 germana
900 2486 1008 2550 nostra
1030 2478 1151 2550 coniux
1173 2477 1313 2572 presenti
1334 2479 1417 2572 petri
1439 2478 1564 2549 terrarii
1588 2479 1643 2550 cui
1666 2503 1685 2548 a
1824 2535 1826 2540 .

273 2609 421 2703 portione
443 2627 505 2698 ego
528 2607 707 2674 memorato
726 2605 870 2698 pantaleo
885 2611 1100 2698 comparatam
1115 2603 1196 2677 abeo
1211 2611 1421 2676 memoratam
1439 2603 1573 2676 domum
1585 2605 1687 2696 posita

273 2733 308 2803 iu
329 2739 506 2802 memorato
522 2728 596 2800 bico
609 2728 751 2800 iamdicti
765 2730 865 2802 sancti
879 2729 1014 2824 georgii.
1035 2731 1086 2800 De
1101 2751 1165 2824 qua
1179 2729 1283 2822 tetigit
1302 2729 1338 2800 iu
1352 2736 1527 2800 memorata
1539 2729 1686 2821 portione

274 2859 412 2930 secunda
434 2879 494 2950 pro
516 2837 700 2943 memoratis
706 2903 978 2930 ............
984 2855 1204 2950 portionibus:
1221 2879 1275 2928 me
1297 2866 1475 2929 memerato
1498 2857 1685 2950 pantaleone

274 2979 407 3051 ferrario
431 2979 511 3051 idest
532 2978 657 3072 integra
679 2987 854 3058 memorata
877 2977 1033 3050 domum:
1058 2978 1167 3072 posita¹
1183 2977 1218 3048 in
1240 2987 1422 3050 memorato
1446 2977 1520 3050 bico
1543 2974 1684 3050 iamdicti

275 3079 376 3178 sancti
400 3103 526 3199 georgii
550 3101 609 3200 qui
632 3101 726 3172 nobis
749 3103 891 3196 pertinet
912 3124 972 3194 per
994 3111 1176 3174 memorato
1199 3101 1342 3195 genitori
1365 3109 1495 3174 nostro:
1522 3125 1587 3174 una
1609 3123 1686 3174 cum

276 3233 400 3327 integre
432 3241 545 3302 curte:
581 3237 653 3302 ante
676 3249 732 3301 se:
766 3239 946 3324 quamum:
979 3239 1013 3301 at
1035 3231 1105 3322 ipsa
1129 3231 1264 3302 domum
1286 3231 1445 3324 pertinet:
1472 3241 1603 3302 etcum
1626 3231 1686 3300 in-

277 3357 410 3428 troitum
433 3379 529 3428 suum
551 3379 610 3448 per
631 3359 726 3446 porta
747 3352 951 3421 communale
974 3347 1015 3421 de
1038 3351 1109 3444 ipsa
1132 3353 1269 3424 domum
1291 3359 1325 3422 et
1349 3355 1389 3424 de
1402 3354 1473 3426 aliis
1485 3351 1687 3426 consortibus

276 3483 343 3552 suis
366 3491 399 3553 et
421 3482 570 3553 omnibus
594 3479 658 3550 sibi
680 3475 914 3573 pertinentibus
936 3475 1046 3550 hunde
1069 3484 1103 3545 at
1124 3475 1197 3548 bico
1213 3477 1319 3570 tetigit
1333 3477 1368 3548 in
1383 3478 1533 3571 portione
1548 3479 1687 3572 primma

277 3625 337 3694 pro
368 3612 545 3674 memorata
575 3603 671 3676 tertia
702 3613 734 3676 te
766 3609 946 3677 memorata
977 3621 1106 3695 gemma
1136 3623 1289 3694 geroam
1320 3623 1416 3670 mea:
1448 3601 1531 3672 idest
1559 3603 1686 3696 integre
1831 3574 1839 3584 ⁵

277 3737 342 3798 tres
365 3727 450 3818 petie
473 3729 513 3798 de
536 3715 751 3798 memoratam
769 3727 909 3818 'domum
931 3723 1035 3820 posita
1058 3731 1091 3795 at
1111 3726 1238 3796 fumum:
1262 3727 1348 3798 uncle
1371 3726 1496 3824 reliqua
1521 3749 1586 3796 uua
1609 3748 1688 3820 por·

276 3851 341 3920 tio:
373 3851 462 3944 quod
492 3857 541 3920 est
573 3858 688 3943 quarta
718 3871 762 3920 ex
790 3847 859 3942 ipsa
890 3849 1041 3940 portione
1071 3847 1131 3944 qui
1160 3845 1223 3924 tuit
1246 3857 1426 3918 memorata
1449 3848 1605 3942 genitrice
1628 3872 1688 3920 no-

279 3993 343 4052 stra
375 3979 482 4070 tetigit
513 3955 647 4072 quidem
679 3975 831 4071 gregorio
863 3999 1018 4070 germano
1044 3984 1157 4048 nostre
1180 3975 1220 4046 de
1242 3985 1417 4048 memorata
1440 3999 1506 4049 una
1531 3979 1697 4072 genitrice

282 4117 315 4174 et
338 4105 378 4176 de
401 4103 535 4197 singulis
553 4091 735 4198 genitoris:
761 4101 856 4176 sicuti
878 4104 963 4174 inter
987 4125 1021 4174 se
1043 4104 1177 4175 interius
1201 4111 1233 4174 et
1254 4105 1402 4198 superius
1426 4105 1549 4198 signate
1569 4104 1689 4176 exfinat

279 4230 342 4300 bec
366 4249 444 4298 acro
468 4228 575 4320 portio
598 4229 737 4300 mcunda
763 4226 822 4323 qui
846 4235 1103 4298 mememorato
1131 4227 1321 4322 pantaleone
1345 4227 1451 4320 tetigit
1473 4249 1534 4320 pro
1557 4249 1690 4297 memo-
1751 4303 1754 4312 1

174 4380 179 4386 ·
283 4363 351 4424 rate
375 4351 498 4424 duabus
519 4351 741 4448 portionibuse
763 4375 828 4423 una
850 4373 926 4424 cum
947 4351 1158 4424 interioribus
1171 4359 1205 4422 et
1219 4352 1438 4445 superioribus
1461 4351 1634 4424 haheribuc
1657 4363 1690 4422 et

284 4480 462 4575 aspectibus
486 4479 553 4552 suis
566 4486 598 4549 et
610 4459 686 4550 cum
707 4487 884 4552 memorata
898 4485 989 4549 curte
1003 4487 1179 4573 quantum:
1207 4479 1322 4573 etipsa
1337 4481 1471 4550 domum
1487 4479 1640 4572 pertinet:
1658 4487 1691 4549 et

283 4625 358 4674 cum
382 4601 551 4673 introitum
574 4623 669 4672 suum
691 4623 750 4694 per
773 4609 948 4674 memorata
973 4610 1067 4695 porta
1090 4604 1291 4674 communale
1314 4627 1372 4675 sua
1395 4613 1427 4673 et
1450 4603 1490 4673 de
1513 4603 1582 4672 aliis
1605 4625 1690 4672 cou-

283 4729 425 4800 sortibus
448 4727 514 4798 suis
531 4699 569 4798 'et
591 4726 742 4800 omnibus
764 4727 826 4798 sibi
849 4727 1098 4822 pertinentibus:
1121 4729 1156 4800 si
1179 4731 1254 4823 quis
1277 4740 1383 4802 autem
1407 4731 1447 4801 de
1470 4751 1550 4800 nos:
1573 4729 1626 4801 vel
1650 4729 1691 4818 de

283 4857 401 4928 nostris
424 4854 595 4927 heredibus
618 4855 735 4948 quobis
757 4863 903 4951 tempore
924 4865 1035 4926 coutm
1059 4880 1119 4928 anc
1141 4857 1265 4928 merissi
1288 4855 1453 4930 dibisionis
1475 4867 1513 4928 ut
1535 4867 1630 4950 super
1644 4854 1692 4925 le·

284 4987 372 5080 gitur
404 4982 513 5058 benire
544 4983 774 5080 presumpseris
795 5005 862 5078 ‘per
895 5006 929 5059 se
953 4991 1008 5058 out
1030 4981 1206 5061 summissis
1228 4981 1393 5079 poenica
1423 4993 1500 5058 tunc
1523 4991 1694 5078 componat
