4876 6520
865 646 877 744 i
901 660 942 718 8⁷
967 649 986 738 i

231 818 322 906 petro
344 806 519 882 smerabili
542 805 651 880 abbati
666 807 874 901 aut'pusteris
896 807 1011 880 saeuis
1024 807 1079 881 rei
1092 814 1273 880 memorato
1296 817 1409 882 saneto
1421 818 1454 882 et
1468 815 1642 886 venorabili

230 944 337 1006 vestro
358 931 552 1004 monasterio
574 931 666 1026 quod
686 929 769 1001 absit
789 931 932 1004 habeatis
955 931 1072 1006 exindo
1095 933 1269 1028 aliquando
1284 906 1488 1030 quacunque
1504 937 1642 1032 requisi·

230 1059 318 1132 tione
338 1066 395 1130 aut
417 1055 563 1128 molestia
585 1079 645 1150 per
666 1056 791 1126 nulium
815 1058 949 1130 modum
972 1081 1035 1130 neo
1058 1083 1116 1155 per
1139 1061 1317 1134 summissis
1347 1063 1490 1156 persnu's
1513 1087 1531 1132 a
1556 1087 1642 1135 nunc

229 1190 263 1254 et
283 1181 318 1252 iu
348 1179 511 1275 perpeteris
533 1179 741 1274 temporibus
766 1189 976 1254 reruutemeu
1002 1185 1168 1256 &mamus
1191 1205 1251 1256 uos
1277 1185 1370 1256 robis
1393 1196 1431 1259 ut
1448 1185 1643 1283 quandoque

228 1306 323 1380 vobis
344 1306 400 1380 rel
422 1307 592 1402 a'posteris
603 1313 782 1382 memorata
796 1305 941 1383 obartula
955 1317 1065 1382 nostra
1079 1312 1196 1385 exinde
1210 1314 1386 1386 menonis
1401 1337 1528 1392 necessa
1542 1316 1641 1388 inerit

229 1439 306 1504 tunc
328 1432 436 1506 statim
461 1441 520 1506 nos
544 1440 576 1506 et
597 1433 733 1528 posteris
755 1433 872 1506 nostris
894 1441 928 1507 et
949 1445 1128 1508 memorata
1151 1436 1283 1508 eeclesia
1314 1439 1412 1512 saneti
1437 1441 1520 1532 petri
1551 1439 1643 1511 robis

229 1556 451 1653 posterisquee
475 1556 590 1630 vestris
612 1557 666 1628 iila
690 1557 856 1642 ostendere
879 1563 912 1630 et
933 1567 1112 1630 monstrare
1127 1557 1300 1632 debeamus
1315 1570 1348 1632 at
1365 1562 1570 1654 relegendum
1587 1585 1643 1634 eeu

229 1691 263 1753 et
285 1693 319 1754 et
341 1685 439 1756 finem
460 1683 640 1756 sedendum
663 1681 786 1778 ubique
807 1681 900 1756 robis
923 1705 1052 1756 uenena
1073 1683 1171 1756 bmrit
1193 1684 1281 1756 trulla
1303 1687 1427 1758 exinde.
1447 1687 1558 1760 dantes
1580 1709 1644 1760 oe·

231 1811 399 1884 ominus:
426 1830 487 1905 pro
510 1833 557 1883 eo
573 1811 669 1906 quod
683 1813 724 1882 iu
738 1811 880 1906 presumi
892 1810 949 1882 :ad
971 1811 1078 1884 rioem
1100 1811 1143 1882 iu·
1158 1811 1384 1886 oomutatiom's
1412 1837 1643 1910 reeompensa-

230 1937 404 2030 tiouisque.
431 1937 611 2029 aeoepimus
633 1935 759 2006 exindo.
782 1955 842 2008 ros
864 1957 929 2006 una
951 1957 1028 2006 oum
1051 1943 1166 2006 cuncta
1181 1943 1286 2006 vestra
1301 1939 1550 2030 congregatione
1564 1961 1643 2013 mo-

231 2057 406 2132 nachorum
429 2059 598 2129 memorati
619 2057 721 2128 saneti
736 2065 767 2130 et
782 2059 974 2132 veumabilis
996 2059 1097 2133 rastri·
1117 2060 1302 2133 monmterii
1324 2061 1554 2154 idestintegra
1577 2084 1641 2134 una

231 2187 315 2280 petia
338 2187 487 2258 deterre
510 2195 615 2258 vestra
638 2185 719 2256 iuris
741 2186 912 2258 memorati
934 2187 1032 2260 vestri
1055 2187 1221 2258 infirmarii
1244 2201 1308 2282 que
1331 2199 1515 2292 vooamrat
1530 2191 1644 2284 pinum

231 2311 370 2403 positum
394 2333 473 2382 reru
485 2311 527 2383 iu
536 2311 609 2382 loob
624 2310 682 2408 qui
697 2317 833 2386 robatur
843 2329 846 2339 ·
855 2309 1078 2405 panequoou'ii.
1102 2333 1167 2382 rma
1183 2331 1259 2380 cum
1278 2312 1461 2382 moribus.
1473 2313 1643 2385 fructiferis

233 2438 285 2512 vel
308 2439 514 2512 infructiferis
537 2449 570 2511 at
593 2461 670 2510 eum
692 2438 838 2510 introitus
860 2461 935 2513 suas
957 2436 1189 2530 omnibusque.
1205 2436 1252 2508 eis
1268 2437 1507 2530 pertinentibus.
1531 2437 1643 2510 Cobe-

232 2573 322 2634 rente
344 2563 405 2634 sivi
428 2564 468 2634 de
490 2585 557 2634 uuo
580 2563 678 2636 lutere
700 2571 786 2634 tarra
808 2563 867 2656 qui
889 2564 951 2636 tuit
972 2561 1119 2634 iobennis
1142 2562 1200 2655 qui
1222 2569 1436 2654 unguomento
1451 2581 1642 2655 pappaseor-

232 2710 326 2782 pona.
350 2711 393 2760 ex
414 2687 479 2760 elio
501 2687 600 2760 latere
620 2697 723 2762 ,terra
744 2687 930 2760 monasterii
959 2697 1066 2760 sancte
1097 2687 1198 2758 marie
1228 2710 1293 2782 que
1322 2696 1456 2758 vocatur
1478 2697 1512 2756 at
1534 2687 1641 2758 media

232 2811 411 2905 puellarum
426 2810 478 2882 dei
494 2810 588 2882 sicuti
603 2810 737 2882 intereo
751 2809 835 2904 sepis
851 2810 978 2883 exfinst
994 2835 1013 2880 a
1028 2810 1156 2882 duobus
1170 2832 1255 2882 vero·
1264 2809 1421 2902 capitibus
1435 2810 1488 2880 rie
1503 2810 1642 2904 publioex

234 2935 407 3031 dequibus
429 2935 511 3008 nibil
533 2936 626 3009 vobis
648 2958 754 3032 neque
768 2935 803 3007 in
818 2945 1006 3008 memorato
1021 2947 1137 3008 restro·
1151 2935 1346 3006 monasterio
1370 2935 1487 3007 exinde
1510 2935 1641 3030 aliquod

232 3062 396 3135 remansit.
421 3073 478 3135 aut
507 3063 690 3136 reserbast‘m
712 3085 772 3134 nec
794 3063 829 3136 iu
850 3062 954 3134 aliena
986 3083 1120 3158 persona
1151 3062 1321 3134 remisistis
1350 3071 1512 3155 potestate.
1536 3073 1585 3134 set
1608 3064 1643 3132 in

233 3197 342 3259 nostra
357 3189 557 3282 posterisque
572 3188 687 3258 nostris
702 3197 943 3280 memorataque
958 3187 1090 3258 ecelesia
1106 3187 1204 3256 sancti
1221 3187 1305 3280 petri
1321 3187 1360 3256 sit
1376 3197 1529 3279 potestate
1545 3187 1642 3281 quid-

233 3312 313 3406 quid
335 3311 451 3385 exinde
475 3313 579 3382 iacere
601 3309 808 3380 uoluerimus.
831 3334 849 3379 a
872 3309 965 3380 vobis
990 3319 1098 3379 autern
1122 3309 1174 3380 vel
1197 3334 1216 3380 a
1239 3311 1384 3403 posteris-
1408 3311 1520 3382 vestris
1543 3321 1599 3382 aut
1624 3335 1642 3378 a

233 3447 411 3510 memorato
434 3447 544 3510 saneto
566 3449 598 3509 et
621 3437 796 3510 venerabili
818 3447 936 3510 restro·
958 3437 1150 3509 monasterio
1174 3439 1271 3510 nulio·
1290 3448 1435 3534 tempore
1465 3459 1643 3536 numquam
1713 3407 1725 3428 ι

232 3583 292 3632 nos
315 3569 370 3630 aut
392 3561 527 3654 posteris
549 3561 741 3632 nostrisve!
765 3571 948 3633 memorata
963 3561 1094 3632 ecclesia
1117 3560 1217 3631 saneti
1252 3561 1334 3654 petri
1357 3563 1446 3655 quod
1475 3562 1557 3632 absit
1579 3560 1644 3630 be·

234 3685 366 3759 beaw
389 3685 504 3756 exinde
528 3685 700 3780 aliquando
723 3707 928 3780 quacumque
951 3684 1160 3780 requisitione
1184 3692 1240 3754 aut
1262 3683 1415 3756 molestiis
1437 3705 1495 3776 per
1517 3683 1643 3756 nudum

233 3811 367 3884 modum
389 3835 448 3882 nee
470 3834 528 3903 per
550 3810 727 3880 summissu
749 3813 893 3904 personis
916 3837 935 3881 a
957 3835 1044 3882 nuno
1066 3819 1099 3882 et
1121 3811 1155 3880 in
1178 3813 1348 3905 perpetuis·
1361 3810 1571 3903 temporibus.
1591 3811 1647 3882 In-

148 3994 154 4004 .
233 3959 329 4032 super
352 3945 387 4008 et
407 3935 441 4004 in
464 3933 603 4028 presenti
626 3955 686 4002 uos
707 3935 800 4006 robis
830 3935 1095 4027 supariunximus
1112 3936 1195 4006 idest
1217 3933 1288 4004 auri
1323 3933 1443 4004 solidos
1477 3932 1589 4006 deoem
1612 3944 1646 4006 et

233 4072 354 4155 septem
370 4081 526 4154 quoslnos
541 4056 671 4128 tulimus
685 4055 726 4128 de
740 4057 795 4128 illa
811 4057 935 4128 rictma
952 4059 992 4129 de
1007 4057 1121 4128 viuum
1137 4059 1177 4128 de
1192 4055 1330 4128 sirrento
1344 4078 1443 4150 quem
1456 4079 1516 4128 nos
1533 4057 1644 4128 vendi-

234 4187 347 4260 dimus.
372 4187 456 4272 Quin
479 4187 523 4258 ita
546 4187 639 4258 nobis
662 4185 877 4282 complacuit:
903 4185 938 4257 si
962 4195 1070 4258 autem
1098 4206 1157 4256 nos
1189 4193 1245 4256 aut
1276 4185 1411 4280 posteris
1446 4184 1562 4256 nostris
1591 4184 1665 4257 rel·

235 4325 410 4392 meinorato
433 4313 564 4388 ecelesia
587 4314 704 4410 queris
727 4324 872 4410 tempore
903 4323 1014 4384 contra
1037 4314 1120 4385 bane
1148 4313 1325 4384 chartulam
1360 4311 1584 4384 oomutationis
1606 4321 1644 4382 ut

190 4515 195 4526 ,
234 4465 329 4535 super
352 4441 469 4536 legitur
491 4441 602 4513 benire
625 4440 889 4535 presumserimus
905 4450 938 4512 et
953 4440 988 4510 in
1003 4439 1252 4536 aliquidoiiensi
1274 4440 1429 4512 fuerimus
1446 4463 1504 4533 per
1527 4438 1643 4533 quobis

234 4569 367 4640 modum
392 4577 447 4640 aut
469 4566 652 4640 summissis
666 4565 810 4660 personis
833 4575 909 4638 tune
931 4569 1154 4662 componimus
1176 4567 1270 4638 vobis
1298 4567 1497 4662 posterisque
1530 4565 1643 4638 restris

234 4707 265 4770 st
288 4719 308 4766 a
331 4702 516 4767 memorato
531 4703 639 4766 sanato
661 4705 694 4766 et
716 4693 890 4768 venerabili
912 4705 1030 4767 vestro¹
1044 4694 1235 4768 monasterio
1259 4696 1330 4766 auri
1354 4695 1474 4767 sobdos
1509 4691 1640 4784 triginta

236 4821 438 4914 bubianteos
461 4831 493 4892 et
515 4820 585 4892 bec¹
599 4820 742 4893 chartula
765 4833 810 4892 ut'
825 4845 923 4916 super
945 4819 1063 4918 iegitur
1085 4825 1123 4896 sit
1148 4825 1252 4897 mma.
1277 4825 1392 4916 scripta
1416 4844 1474 4916 per
1504 4843 1637 4890 manum

233 4949 329 5044 sergii
353 4945 502 5020 tabularii
522 4946 805 5042 scribererogatus
820 4971 878 5042 per
892 4949 1064 5023 indictione
1081 4960 1255 5024 memorata
1269 4949 1373 5044 prima
1388 4945 1451 5018 boc
1466 4946 1594 5040 siguum
1609 4943 1640 5038 †
