4906 6520
1431 941 1587 1019 OEXXX.

1402 1197 1529 1270 Christe
1551 1199 1635 1271 lave.

686 1469 738 1518 an.
899 1445 931 1541 †
953 1448 990 1518 ln
1011 1446 1144 1518 nomine
1166 1445 1290 1518 domini
1306 1443 1359 1518 dci
1373 1443 1542 1516 sdvatoris
1556 1443 1660 1516 nostri
1676 1444 1749 1516 lesu
1762 1441 1883 1518 Christi
1894 1445 2079 1540 lmpcrante
2094 1449 2225 1524 domino

663 1581 750 1647 993.
803 1581 916 1652 nostro
939 1573 1053 1646 basilio
1075 1596 1195 1669 magno
1218 1573 1415 1668 Imperatore
1438 1595 1523 1644 anno
1546 1571 1709 1644 tricesimo
1732 1572 1847 1644 tertio:
1882 1571 1940 1646 sed
1964 1582 1998 1646 et
2020 1579 2222 1650 constantino
2426 1607 2427 1610 ¹

806 1721 926 1794 magno
949 1699 1149 1792 Imperatore
1172 1719 1258 1769 anno
1281 1697 1464 1770 tricesimo:
1496 1696 1549 1768 die
1581 1695 1744 1768 tricesima
1775 1697 1894 1769 mansis
1917 1699 2028 1772 martii
2051 1702 2224 1778 indictione

807 1833 899 1895 sexta
922 1821 1069 1916 neapoli:
1093 1820 1226 1892 Germm
1250 1829 1298 1891 est
1320 1842 1374 1892 me
1397 1841 1475 1892 urso
1499 1819 1568 1893 lilio
1591 1821 1756 1917 quondam
1769 1819 1894 1892 domini
2056 1849 2066 1894 :
2091 1826 2121 1896 Α
2143 1849 2224 1920 pre-

808 1948 892 2020 senti
907 1949 961 2020 die
973 1947 1191 2043 promtissima
1206 1947 1370 2020 voluntate
1386 1945 1586 2018 commutavi
1600 1957 1633 2019 at
1648 1943 1766 2020 tradidi
1782 1946 1875 2018 vobis
1892 1947 2059 2020 dominum
2075 1949 2223 2046 filippum

807 2071 985 2144 venerabili
1008 2073 1162 2166 igumeno
1185 2069 1373 2142 monasterii
1396 2077 1583 2142 sanctorum
1604 2069 1704 2162 sergii
1726 2077 1760 2141 et
1782 2069 1879 2141 haclri
1902 2070 1961 2166 qui
1985 2094 2072 2144 nunc
2086 2095 2226 2168 congre·

808 2207 904 2294 gatus
937 2221 971 2271 es
1001 2199 1037 2270 in
1069 2197 1267 2271 monasterio
1298 2203 1484 2268 sanctorum
1516 2195 1667 2268 theodori
1695 2203 1729 2267 et
1756 2195 1928 2269 sevastiani
1960 2199 2021 2292 qni
2050 2201 2225 2294 appellatur

808 2323 968 2417 casapicta
990 2323 1090 2395 situm
1118 2323 1153 2392 in
1176 2321 1399 2394 viridiarium:
1428 2330 1462 2392 at
1483 2329 1596 2392 cantas
1619 2321 1867 2416 congregatione
1892 2322 2126 2396 monachornm
2149 2347 2224 2398 me·

806 2447 924 2517 morati
954 2445 1056 2517 sancti
1087 2455 1120 2517 ct
1151 2447 1327 2518 venarabili
1358 2447 1456 2520 vestri
1491 2445 1703 2518 monasterii:
1736 2445 1819 2518 idest
1850 2446 1976 2541 integra
2007 2469 2073 2518 una
2101 2449 2221 2542 petiole

807 2573 848 2646 dc
870 2573 1103 2648 lunducculum
1127 2595 1258 2646 meum:
1281 2574 1424 2669 positum
1439 2574 1475 2646 in
1488 2573 1563 2645 loco
1586 2575 1645 2668 qai
1669 2583 1807 2646 vocatur
1830 2583 1865 2644 at
1878 2583 2027 2648 sanctum
2049 2584 2177 2670 pen-nm
2192 2587 2224 2646 at

808 2710 981 2796 paternum
1011 2724 1115 2796 super
1140 2701 1271 2774 etnam
1303 2725 1368 2774 una
1399 2723 1475 2774 cum
1498 2700 1669 2776 arvombus
1691 2701 1866 2774 fructiferis
1889 2702 1941 2774 rel
1964 2703 2170 2776 mlructileris
2194 2715 2224 2775 et

808 2851 884 2901 cum
908 2829 1078 2902 introitum
1101 2851 1199 2904 suum
1222 2837 1256 2901 et
1278 2829 1430 2902 omnihus
1454 2829 1518 2902 sivi
1540 2829 1788 2924 pcrtinentibus:
1812 2829 1946 2902 coleret
1968 2830 2031 2904 sivi
2046 2839 2080 2901 at
2097 2853 2221 2904 memo·

774 2931 776 2936 Ι
807 2965 892 3026 rates
915 2955 1033 3049 petiola
1056 2956 1098 3028 de
1120 2963 1304 3027 memoratu
1326 2952 1560 3028 lunducculum
1585 2953 1627 3024 da
1649 2953 1755 3025 tribus
1777 2953 1923 3048 partibus
1939 2953 2076 3028 lundum
2097 2976 2222 3028 memo-

807 3083 869 3152 rati
893 3081 995 3154 sancti
1018 3089 1051 3151 et
1073 3078 1266 3151 venerabilis
1289 3079 1389 3152 vestri
1413 3076 1599 3150 monasterii
1622 3084 1713 3170 parta
1737 3075 1870 3148 orientis
1889 3085 1923 3148 et
1938 3085 2030 3172 parte
2053 3079 2223 3152 occidentis

809 3216 842 3278 ct
865 3213 955 3298 parte
989 3204 1189 3276 meridiana:
1225 3211 1259 3272 et
1291 3201 1331 3274 de
1364 3201 1429 3272 alio
1452 3200 1553 3273 latere
1575 3209 1667 3293 parte
1690 3201 1929 3294 septemtrionis
1951 3203 2090 3294 fundum
2114 3205 2154 3278 da
2177 3206 2224 3278 illi
2328 3185 2332 3194 ¹

808 3333 951 3404 medici:
987 3331 1030 3402 de
1052 3354 1118 3427 qua
1149 3329 1234 3402 nihil
1262 3329 1344 3401 mihi
1367 3328 1485 3400 exinde
1508 3327 1641 3423 aliquod
1663 3328 1818 3400 remansit
1842 3336 1899 3400 aut
1920 3332 2084 3404 reservavi
2108 3357 2166 3406 nec
2189 3337 2223 3407 in

808 3461 928 3531 ahenas
950 3480 1103 3554 personas
1125 3457 1273 3528 commisi
1297 3465 1353 3528 ant
1376 3455 1443 3528 iam
1466 3454 1638 3530 commicto
1659 3461 1835 3550 potestate:
1859 3465 1893 3528 et
1915 3480 1935 3528 a
1957 3459 2099 3551 presenti
2124 3461 2177 3534 die
2192 3469 2224 3535 et
2426 3539 2427 3576 q

809 3587 959 3681 deinceps
982 3586 1168 3658 iamdictam
1190 3591 1384 3654 memoratas
1407 3582 1543 3676 petiolas
1558 3582 1599 3654 de
1615 3591 1799 3656 memoratu
1825 3585 2056 3659 lunducculum
2072 3595 2109 3658 ut
2124 3610 2219 3683 anper

807 3717 926 3812 legitur
950 3745 969 3789 a
991 3738 1045 3788 me
1069 3717 1162 3788 vobis
1186 3713 1240 3789 sit.
1265 3723 1501 3786 commutatum
1524 3722 1557 3784 et
1581 3715 1736 3786 traditum
1759 3713 1794 3784 in
1816 3725 1924 3787 vestra
1946 3717 2126 3812 vestrisque
2153 3741 2218 3813 po-
2426 3709 2427 3724 ¹

808 3847 902 3920 steris
924 3849 966 3918 sit
989 3854 1146 3942 potestate
1171 3844 1331 3942 quidquid
1355 3843 1473 3916 exinde
1497 3845 1603 3915 facere
1624 3841 1794 3914 volueritis
1810 3840 1946 3915 liberam
1960 3865 2087 3938 semper
2102 3845 2220 3918 abactis

808 3981 984 4064 potestate:
1008 3979 1041 4043 et
1063 3995 1169 4068 neque
1193 3994 1213 4040 a
1236 3992 1289 4043 me
1312 3974 1493 4040 memorato
1516 3988 1619 4040 urso:
1653 3988 1760 4061 neque
1784 3991 1804 4039 a
1826 3967 1908 4040 meis
1931 3965 2106 4041 heredibus
2128 3969 2180 4042 vel
2203 3996 2222 4040 a

807 4099 901 4170 nobis
932 4101 1076 4194 personis
1108 4100 1284 4173 summissis
1318 4097 1409 4170 nullo
1431 4105 1579 4190 tempore
1603 4117 1759 4190 nunquan
1791 4118 1850 4168 vos
1879 4105 2060 4168 memorato
2089 4099 2221 4172 domino

808 4221 955 4315 filippum
978 4221 1153 4295 venerabili
1176 4222 1331 4314 igumeno
1355 4228 1411 4292 aut
1433 4225 1612 4293 memorata
1634 4225 1743 4290 sancta
1766 4227 1800 4290 et
1821 4221 1998 4292 venerabili
2021 4234 2129 4296 vestra
2144 4247 2222 4295 con-

808 4348 994 4441 gregatione
1017 4347 1252 4418 monachorum
1277 4352 1332 4417 aut
1356 4347 1492 4441 posteris
1514 4345 1630 4418 vestris
1653 4347 1744 4444 quod
1767 4345 1850 4416 absit
1874 4345 1996 4420 abeatis
2018 4349 2138 4422 exinde
2161 4351 2222 4422 ali-

806 4475 936 4568 quando
960 4462 1165 4569 quacumque
1187 4472 1403 4568 requesitione
1428 4483 1484 4546 aut
1506 4473 1654 4547 molestia
1677 4497 1696 4544 a
1719 4497 1807 4546 nunc
1830 4483 1863 4546 et
1886 4477 1921 4548 in
1944 4479 2108 4571 perpetuis
2131 4487 2222 4552 tena-

804 4600 958 4696 poribus:
982 4601 1112 4694 insuper
1143 4601 1232 4672 omni
1263 4609 1408 4695 tempore
1435 4623 1497 4697 ego
1528 4611 1561 4670 ct
1592 4599 1765 4674 heredibus
1796 4601 1878 4674 meis
1902 4602 1994 4674 vobis
2017 4606 2220 4701 vacuisque:

804 4731 941 4823 posteris
956 4729 1073 4802 exinde
1090 4729 1130 4800 ab
1144 4727 1234 4800 omni
1260 4729 1402 4800 ommino
1426 4727 1582 4822 omnique
1606 4751 1759 4823 personas
1784 4729 1819 4802 in
1841 4729 1993 4804 omnibus
2008 4741 2164 4806 antestare
2186 4743 2221 4806 et

806 4855 967 4926 defensare
993 4855 1184 4928 debeamus:
1216 4863 1348 4949 propter
1379 4855 1468 4950 quod
1492 4854 1609 4927 exinde
1633 4853 1744 4948 accepi
1769 4879 1787 4926 a
1811 4853 1904 4926 volsis
1928 4855 1963 4927 in
1986 4857 2220 4928 commutatio-

803 4977 937 5074 nisque:
965 4979 1361 5074 recompensationisque:
1397 4979 1480 5050 idest
1510 4981 1636 5074 integre
1668 4981 1732 5054 due
1767 4980 1885 5074 petiole
1915 4983 1954 5055 dc
1987 4985 2219 5062 lunduoculum
