4876 6520
1444 608 1458 692 ‹
1483 610 1527 676 ⁴⁰
1552 605 1568 696 i

800 765 969 836 teruncius
994 789 1013 833 a
1036 773 1125 858 parte
1149 763 1391 857 septentrionis:
1414 762 1498 834 iustu
1520 760 1584 834 eliu
1606 769 1692 830 terre
1715 758 1772 853 qui
1797 759 1858 830 fuit
1884 759 2056 828 memorati
2090 756 2222 830 iohanni

801 889 908 982 refigit
931 889 966 957 in
988 888 1137 982 portione
1161 885 1298 958 soumdu
1321 892 1354 956 et
1377 885 1441 956 sint
1452 883 1544 956 ‚omui
1559 893 1705 975 tempore
1720 879 1814 951 ambe
1828 881 1986 975 portionis
2000 880 2040 951 de
2055 883 2115 950 istu
2130 891 2216 952 terra

801 1013 859 1104 qui
884 1020 1020 1082 vocetur
1043 1008 1179 1080 fundum
1202 1007 1243 1079 ed
1266 1009 1380 1104 equale
1403 1028 1567 1078 mensura:
1582 1014 1615 1074 et
1628 1007 1663 1076 iu
1677 1005 1780 1098 capite
1793 1013 1883 1097 parte
1901 995 2062 1074 borieutis
2078 1013 2111 1074 at
2126 1004 2219 1074 erube

803 1135 961 1227 portionis
984 1133 1024 1202 de
1047 1133 1108 1201 istu
1131 1141 1216 1201 terro
1239 1133 1297 1224 qui
1320 1143 1455 1201 vocatur
1478 1129 1613 1204 fundum
1636 1126 1768 1198 oobcret
1782 1137 1961 1200 memorata
1976 1127 2048 1198 vie:
2063 1126 2124 1197 bec
2141 1149 2220 1198 vero

802 1259 907 1352 portio
942 1259 1045 1350 prime
1078 1277 1153 1326 cum
1185 1253 1354 1324 moribus
1386 1251 1560 1326 fructiferis
1589 1250 1643 1322 vel
1671 1251 1879 1324 instuctiicris
1906 1260 1939 1322 et
1968 1271 2045 1322 cum
2076 1251 2223 1322 introitus

803 1407 875 1455 suas
899 1383 1132 1476 omnibusque:
1156 1381 1202 1450 eis
1225 1378 1459 1474 pertinentibus
1482 1377 1653 1471 legationis
1676 1399 1756 1448 vero
1780 1378 1820 1448 de
1844 1378 2034 1472 dispositrrrn
2058 1377 2221 1472 quondam

803 1507 975 1579 memorati
998 1506 1124 1577 dourini
1148 1504 1216 1576 ursi
1240 1504 1343 1576 soceri
1366 1514 1400 1574 ot
1421 1503 1510 1575 habit
1533 1505 1637 1576 nostri
1650 1514 1688 1574 ut
1702 1503 1845 1576 continet
1859 1503 1902 1574 sit
1915 1503 2010 1574 uobis
2024 1505 2222 1599 nostrisque:

803 1635 975 1704 heredibus
998 1635 1111 1706 nme
1135 1641 1168 1700 et
1190 1629 1314 1702 sturibs
1337 1629 1428 1701 sicud
1442 1631 1511 1724 ipsa
1533 1627 1654 1723 legatio
1677 1631 1823 1702 confluet
1844 1629 1969 1702 luteres
1991 1632 2146 1725 promitto
2160 1653 2222 1726 ego

802 1771 1001 1834 memoratus
1017 1760 1180 1851 aligernus
1192 1767 1332 1851 cognato
1347 1767 1458 1834 restro
1472 1777 1533 1850 pro
1547 1757 1620 1828 vice
1634 1755 1674 1826 ds
1688 1765 1866 1829 memorate
1880 1777 1995 1830 muscu
2008 1758 2144 1851 puerula
2158 1759 2224 1830 titia

803 1911 875 1956 meo
898 1896 937 1954 ut
960 1885 1030 1976 ipsa
1053 1892 1085 1953 et
1109 1903 1184 1953 suos
1207 1879 1379 1952 herodibus
1406 1881 1442 1952 iu
1465 1879 1616 1954 omnbus
1638 1881 1825 1952 memoratis
1848 1881 2015 1976 stimplero
2039 1890 2072 1952 et
2095 1907 2223 1954 oouser-

805 2036 881 2082 vare
906 2011 1059 2080 faciamus
1082 2022 1115 2080 et
1138 2009 1166 2080 si
1189 2007 1324 2078 minime
1347 2005 1541 2080 bobserrore
1564 2006 1727 2080 noluerint
1749 2018 1826 2078 tunc
1850 2032 1911 2102 ego
1935 2019 1968 2078 et
1990 2008 2124 2082 heredes
2146 2011 2226 2082 meis

806 2159 865 2230 per
888 2135 1000 2206 invitis
1031 2133 1226 2204 hobserrurc
1258 2131 1413 2206 faciemus
1446 2139 1479 2202 et
1506 2131 1672 2226 stimplers
1695 2131 1770 2214 bine
1793 2133 1883 2204 omni
1906 2141 2012 2210 restra
2036 2133 2227 2206 bmnietate

808 2261 885 2355 quia
909 2261 954 2330 ita
986 2257 1078 2328 nobis
1110 2257 1206 2328 stetit
1231 2265 1265 2326 et
1286 2277 1360 2349 pers
1383 2256 1441 2350 qui
1464 2279 1498 2326 se
1521 2257 1679 2328 retorneri
1711 2255 1906 2348 prompserit
1929 2256 1969 2325 de
1992 2253 2042 2325 his
2075 2253 2225 2328 omuibus

807 2385 994 2455 memoretis
1016 2407 1075 2477 per
1098 2381 1216 2474 quovis
1237 2381 1373 2451 modurn
1398 2391 1454 2452 eut
1477 2379 1654 2455 ommissis
1685 2379 1829 2476 personis
1852 2388 1930 2451 tunc
1958 2391 2131 2474 componat
2154 2403 2226 2474 pars

806 2509 943 2581 infidelis
967 2519 1000 2578 et
1021 2507 1155 2578 heredes
1178 2506 1248 2576 cius
1272 2513 1305 2574 at
1328 2513 1452 2600 partem
1484 2503 1581 2574 fidem
1604 2503 1746 2576 servanti
1778 2505 1931 2600 eiusque:
1961 2501 2133 2576 herodibus
2156 2509 2227 2576 auri

808 2637 928 2707 solidos
952 2633 1069 2726 viginti
1092 2631 1315 2727 sphianteos:
1339 2630 1455 2700 etheo
1477 2629 1605 2702 merissi
1628 2639 1665 2700 ut
1688 2651 1783 2723 super
1807 2629 1927 2724 legitur
1950 2630 1992 2704 sit
2015 2632 2127 2702 tirius:
2142 2633 2227 2704 scri-

808 2769 878 2852 pta:
901 2781 961 2852 per
983 2778 1097 2828 manus
1120 2755 1268 2832 iohannis
1292 2751 1422 2824 curialis
1444 2775 1503 2846 per
1525 2751 1721 2824 indictione:
1748 2759 1927 2822 memorata
1949 2752 2119 2824 undecimo

904 2887 967 2956 boc
982 2885 1112 2978 signum
1128 2881 1159 2978 †
1175 2903 1290 2959 manus
1313 2878 1486 2957 memorati
1506 2877 1643 2971 aligerni
1660 2898 1723 2972 pro
1737 2877 1810 2950 rico
1826 2886 2004 2948 memorate
2021 2901 2135 2952 muscu
2148 2903 2229 2974 pue-

809 3013 882 3084 rulo
913 3012 979 3084 tilia
1008 3035 1067 3084 suu
1090 3011 1221 3102 siguum
1244 3009 1276 3104 †
1297 3029 1411 3078 manus
1434 3013 1614 3088 memoratu
1637 3004 1736 3084 drosu
1759 3025 1835 3084 oum
1857 3003 2036 3078 volumtate
2059 3011 2229 3082 memorati

809 3137 943 3209 iohanni
967 3135 1091 3206 aurifici
1114 3135 1178 3204 riri
1201 3133 1253 3206 sui
1275 3133 1340 3204 hoc
1363 3143 1411 3202 ert
1433 3131 1562 3202 viritioo
1585 3140 1619 3201 et
1640 3132 1817 3225 preriguo:
1841 3129 1904 3202 hoc
1924 3133 2054 3227 siguum
2068 3133 2100 3230 †
2114 3155 2230 3204 munus

812 3271 989 3334 memorate
1018 3260 1121 3335 marie
1149 3281 1223 3336 sum
1247 3257 1425 3338 rolmntste
1449 3256 1620 3338 uiemoroti
1643 3256 1788 3351 stephani
1812 3259 1909 3332 erarii
1931 3259 1995 3332 riri
2017 3260 2068 3332 sui
2092 3258 2155 3332 hoc
2178 3262 2229 3334 si-

812 3413 915 3485 guum
940 3390 971 3486 †
997 3410 1112 3460 manus
1141 3393 1319 3458 memorate
1351 3407 1444 3456 meru
1468 3405 1544 3459 curn
1566 3383 1745 3459 volumtate
1767 3387 1936 3458 memorati
1959 3386 2108 3466 iohannis
2131 3391 2226 3462 uarii

811 3519 876 3588 viri
899 3519 949 3588 sui
972 3517 1062 3611 quod
1085 3539 1147 3610 ego
1171 3514 1229 3610 qui
1253 3521 1447 3584 memoratos
1471 3533 1531 3605 pro
1554 3511 1601 3582 eis
1624 3510 1798 3606 subscripsi
1821 3512 1853 3610 †

906 3644 1023 3740 †ego
1048 3642 1212 3735 aligernus
1235 3638 1321 3710 tilius
1348 3636 1473 3708 domiui
1503 3635 1591 3706 leoni
1621 3643 1795 3727 rogatura
1824 3639 2054 3734 suprascriptos
2076 3666 2224 3736 personas

811 3771 884 3841 testi
907 3769 1082 3863 subscripsi
1106 3769 1138 3865 †

905 3901 937 3996 †
960 3922 1023 3992 ego
1046 3899 1179 3970 ioannes
1201 3895 1287 3971 filius
1310 3894 1434 3967 domini
1456 3895 1540 3993 petri
1563 3895 1715 3974 monachi
1730 3901 1861 3989 rogem
1876 3920 1896 3965 u
1909 3899 2138 3994 suprascriptos
2152 3921 2225 3992 per-

812 4049 905 4096 sonas
928 4025 1001 4094 testi
1024 4023 1197 4116 subseripsi
1220 4020 1252 4118 †

906 4147 1142 4243 †egoursus
1172 4142 1410 4216 tiliusdomiui
1441 4140 1589 4214 iohannis
1620 4145 2044 4239 rogaturusuprsscriptos
2076 4169 2225 4240 personas

812 4271 885 4340 testi
908 4267 1080 4360 subscripsi
1104 4265 1136 4363 †

905 4393 936 4488 †
959 4393 1031 4484 Ego
1054 4388 1207 4461 iohannes
1230 4385 1368 4460 Curiulis
1391 4385 1561 4478 Compisvi
1584 4395 1617 4458 ct
1632 4387 1755 4460 absolvi
1771 4409 1829 4482 per
1847 4388 2024 4468 indictione
2047 4379 2222 4470 memorat.

813 4517 982 4592 undecimo
1005 4516 1037 4612 †

1403 4741 1648 4786 m·-
