4876 6520
848 1201 979 1274 Christe
1001 1202 1084 1272 inve.

350 1457 379 1549 †
402 1459 439 1526 ln
465 1457 594 1526 nomine
617 1453 744 1526 domini
768 1453 820 1524 dei
844 1453 1012 1524 salvatoris
1037 1454 1137 1522 nostri
1156 1453 1249 1524 ihesu
1273 1452 1393 1525 Christi
1417 1455 1597 1549 insperante
1621 1461 1685 1534 do-
1753 1500 1806 1547 an,

256 1585 349 1655 mino
374 1593 484 1650 nostro
509 1579 620 1650 besilio
644 1601 763 1672 magno
787 1579 984 1672 Imperatore
1008 1601 1092 1648 enno
1116 1579 1436 1654 vicesimosecundo
1465 1586 1520 1656 sed
1544 1596 1576 1656 et
1599 1612 1684 1661 eon·
1730 1607 1815 1672 982.

258 1707 396 1778 stantiuo
421 1727 539 1797 magno
563 1703 756 1796 imperatore
773 1725 858 1772 enno
874 1723 961 1770 nono
978 1701 1104 1772 decimo
1119 1701 1172 1772 die
1188 1702 1425 1796 quintodecimo
1450 1710 1568 1780 mensis
1583 1715 1682 1807 magii

258 1817 430 1906 indictione
455 1833 577 1904 decimu
593 1830 740 1923 neapoli:
758 1829 966 1900 visitemus
982 1853 1039 1922 per
1056 1829 1226 1924 preteritos
1243 1853 1355 1902 onnes.
1376 1855 1435 1903 nos
1458 1837 1601 1927 sergium
1617 1840 1685 1910 filio

261 1963 423 2058 quondam
448 1959 572 2034 domini
596 1957 740 2054 gregorii
763 1955 914 2028 monaehi
938 1964 971 2026 et
994 1955 1159 2048 quondum
1183 1955 1313 2028 donnino
1327 1957 1457 2028 eufimia
1474 1958 1607 2032 honeste
1626 1966 1682 2034 fe-

261 2093 348 2164 mine
374 2089 533 2182 iugalium
556 2109 779 2182 personarum.
805 2084 995 2181 etquidem
1020 2083 1155 2156 domino
1177 2085 1335 2179 stephano
1359 2085 1519 2157 monacho
1543 2089 1682 2182 genitori

257 2231 368 2292 nestro
393 2215 543 2289 videlicet
566 2213 695 2284 eufimie
720 2219 753 2282 et
776 2220 869 2304 petro
892 2209 1046 2286 diaeonus
1078 2222 1185 2283 sancte
1208 2213 1412 2308 neapolitano
1439 2215 1572 2288 eeolesie
1599 2241 1682 2311 ger-

261 2347 365 2418 manis
388 2342 451 2415 boo
475 2351 522 2414 est
548 2339 619 2412 thio
642 2351 675 2412 et
699 2349 842 2433 nepotes.
867 2363 930 2434 ego
953 2349 1131 2412 memorato
1154 2340 1285 2412 eufimia
1307 2363 1385 2414 cnm
1408 2344 1575 2414 voluntate
1599 2367 1681 2436 pre-

257 2476 339 2546 senti
363 2471 485 2544 domini
518 2468 652 2542 iohanni
682 2467 747 2538 uiri
779 2468 858 2540 mu.
892 2467 1118 2541 Divideremus
1146 2489 1212 2537 una
1244 2475 1353 2538 tecum
1376 2465 1526 2537 videlieet
1549 2469 1682 2539 domino

259 2596 382 2667 caeno
405 2613 559 2685 germano
583 2603 616 2662 et
639 2591 709 2661 thio
734 2601 854 2660 nostro.
877 2588 964 2660 idest
986 2586 1144 2679 ospitibus
1165 2587 1285 2658 nostris
1308 2589 1348 2660 de
1372 2587 1445 2660 loeo
1463 2591 1522 2684 qui
1548 2599 1684 2664 vocetur
1712 2603 1715 2612 '

259 2721 380 2812 pariete
403 2716 444 2786 ed
468 2715 515 2784 illi
538 2712 706 2806 granarii.
739 2725 773 2783 et
806 2733 873 2782 uno
896 2733 967 2784 eum
996 2709 1155 2782 eelemote
1189 2719 1369 2782 memorato
1401 2714 1534 2786 domino
1558 2718 1682 2790 essurio

260 2863 416 2938 germano
438 2851 471 2914 et
495 2841 565 2913 thio
588 2851 711 2914 nostro.
735 2840 820 2913 ldest
842 2837 988 2911 iohanni.
1014 2838 1111 2933 ospiti
1134 2847 1246 2910 nostro
1268 2838 1336 2914 filie
1351 2841 1516 2934 quondam
1531 2841 1679 2936 stephani

260 2965 359 3060 ospiti
381 2969 496 3056 nestri.
530 2985 695 3061 quemque
727 2971 761 3034 et
792 2959 898 3034 cirino
930 2961 1051 3057 hospiti
1081 2969 1194 3038 nostro
1224 2964 1293 3038 tilio
1325 2966 1492 3062 quondam
1513 2963 1676 3042 benedieti

260 3093 382 3187 hospiti
413 3093 515 3166 uestri
536 3091 599 3162 heo
623 3099 672 3164 est
693 3088 845 3164 exadelfis
872 3090 913 3166 de
945 3098 1126 3162 memorate
1148 3091 1222 3164 loeo
1244 3089 1367 3184 periete
1392 3093 1434 3164 ad
1456 3093 1505 3166 iili
1527 3095 1682 3190 greniuii

262 3227 333 3296 Unn
356 3241 432 3295 eum
455 3217 612 3292 uxoribus
635 3225 668 3288 et
691 3215 765 3287 filiis
787 3213 915 3289 filiabus
937 3215 1053 3288 nuruis
1069 3223 1166 3311 etque
1182 3215 1353 3310 nepotibus
1376 3215 1522 3313 ipsorum
1545 3229 1579 3294 et
1601 3245 1679 3296 oum

262 3353 393 3422 illorum
423 3347 576 3420 fundoras
607 3355 640 3418 et
672 3344 766 3416 terris
798 3353 831 3419 et
862 3344 982 3442 cespite
1012 3355 1045 3420 et
1067 3367 1200 3418 censum
1222 3357 1256 3422 et
1285 3348 1407 3445 regulis
1439 3359 1474 3424 et
1502 3352 1622 3428 solutes
1645 3362 1680 3424 et

259 3501 335 3550 eum
371 3497 502 3548 omnem
534 3473 666 3546 illorum
696 3481 847 3568 paratum
879 3482 913 3548 et
942 3477 1167 3572 conquesitum
1191 3485 1224 3548 et
1251 3497 1328 3550 euru
1355 3477 1507 3550 omnibus
1532 3481 1681 3554 utiaoen-

261 3605 347 3676 tibus
371 3611 404 3674 et
426 3599 662 3695 pertinentibus
693 3601 750 3672 eis.
784 3581 817 3672 et
847 3607 881 3670 nt
902 3598 1008 3674 ricem
1038 3601 1156 3674 exinde
1189 3609 1267 3672 tune
1289 3601 1397 3696 tetigit
1417 3625 1472 3674 me
1494 3615 1676 3678 memorato

260 3731 368 3824 sergio
400 3729 486 3800 ldest
518 3724 651 3796 turbulo
683 3723 803 3817 hospiti
835 3732 948 3798 nestro
979 3725 1049 3800 tilio
1078 3725 1243 3822 quondum
1273 3725 1405 3800 landolfi
1435 3725 1532 3820 ospiti
1563 3729 1679 3801 nestri.

263 3875 428 3951 quumque
452 3861 485 3922 et
508 3851 619 3920 iasone
642 3835 676 3920 et
697 3847 837 3920 iohanne
869 3849 1030 3941 germanis
1059 3847 1242 3941 hospitibus
1272 3849 1390 3920 nostris
1419 3848 1494 3920 titiis
1517 3849 1682 3943 quendum

262 3982 346 4079 petri
369 3977 488 4072 hospiti
510 3974 630 4048 nostris
652 3973 716 4046 boe
739 3981 788 4046 est
810 3973 961 4046 exadehis
984 3973 1026 4046 de
1049 3983 1229 4046 memorato
1250 3973 1324 4046 loeo
1347 3973 1469 4068 pariete
1484 3975 1526 4048 ad
1541 3975 1588 4046 ilii
1602 3998 1681 4070 grs-

264 4107 373 4180 nierii.
399 4127 464 4177 une
487 4124 564 4174 oum
587 4097 747 4172 uxoribus
777 4105 811 4171 et
838 4095 913 4170 filiis
935 4094 1062 4172 filiabus
1085 4095 1199 4168 nuruis
1222 4105 1321 4193 nque
1343 4096 1515 4192 nepotibus
1537 4099 1683 4194 ipsorum

257 4251 297 4329 'et
320 4258 395 4308 enm
418 4231 552 4304 iliorum
575 4229 726 4302 fundoras
749 4235 783 4298 et
805 4227 900 4302 terris
923 4235 957 4300 et
978 4225 1098 4321 cespite
1119 4234 1154 4298 et
1177 4247 1309 4300 sensum
1331 4235 1366 4301 et
1381 4228 1502 4322 regulis
1516 4236 1549 4302 et
1563 4229 1681 4304 solutes

265 4375 298 4436 et
320 4383 396 4435 eum
419 4379 551 4432 omnem
573 4355 706 4426 iliorum
728 4363 878 4448 peratum
900 4361 934 4426 st
956 4351 1181 4448 conquesitum
1205 4361 1238 4424 et
1261 4375 1338 4426 cum
1361 4353 1513 4428 omnibns
1534 4356 1681 4430 obscen-

265 4493 350 4562 tihus
374 4498 407 4562 et
429 4481 663 4580 pertinentibus
686 4480 741 4553 eis
765 4503 824 4554 seu
848 4489 881 4554 et
903 4489 981 4558 tuno
1004 4480 1111 4576 tetigit
1132 4501 1186 4554 me
1209 4490 1390 4554 memorate
1412 4483 1533 4578 sergio.
1560 4494 1593 4558 et
1616 4509 1682 4557 ve-

265 4621 350 4692 nelln
373 4617 476 4711 nepita
498 4621 606 4684 nostre
629 4631 782 4705 germane
804 4609 975 4684 memorati
998 4608 1084 4684 turbi
1108 4609 1206 4705 ospiti
1228 4612 1330 4682 nostri
1353 4614 1410 4708 qui
1433 4637 1487 4688 rue
1505 4615 1620 4709 tetigit
1646 4625 1684 4688 ut

266 4765 363 4838 super
395 4739 526 4834 legitur.
560 4745 592 4806 et
626 4743 805 4806 memorato
836 4735 971 4808 domino
1003 4734 1158 4830 stephane
1190 4735 1331 4830 genitori
1359 4747 1472 4810 nostro
1495 4741 1682 4812 memoretis

268 4862 429 4967 gemnis
452 4859 557 4954 tetigit
581 4867 659 4932 tuno
683 4859 766 4932 idest
790 4881 830 4931 ro
985 4871 1019 4936 et
1041 4861 1192 4935 sillictule
1207 4886 1374 4958 quamque
1389 4875 1423 4936 et
1437 4861 1585 4934 miotiule
1601 4887 1685 4960 ger-

267 4995 371 5072 manis
393 4987 573 5090 hospitibus
595 4987 712 5058 nostris
735 4986 809 5062 filiu
831 4987 994 5080 quondum
1008 4987 1180 5060 mennernti
1195 4987 1342 5083 stephani
1362 4989 1402 5062 de
1417 4999 1595 5062 memorato
1609 4991 1682 5064 1000
