4876 6520
897 660 913 752 (
939 667 982 732 ³⁵
1003 657 1016 752 l

248 833 395 920 quartam
419 829 542 917 partem
566 841 665 916 quern
687 817 792 890 habeo
815 819 850 890 iu
873 819 1023 890 iamdicta
1046 817 1177 890 ecclesia
1200 817 1299 888 sancti
1324 817 1437 890 marci.
1464 822 1551 892 etin
1575 824 1662 894 iam-

249 951 341 1022 dictis
373 949 478 1022 terris.
512 948 651 1042 qualiter
683 946 718 1018 in
747 943 897 1018 iamdicta
928 942 1049 1014 carbula
1072 944 1268 1014 conticentur
1289 942 1482 1035 pertinentes
1505 945 1605 1018 michi
1629 957 1667 1018 ut

249 1073 392 1144 diximus
422 1093 483 1166 per
514 1071 627 1144 eodem
660 1069 814 1162 scriptum
847 1067 1035 1162 morgincap
1065 1069 1190 1162 legibus
1214 1067 1254 1144 ab
1285 1068 1399 1144 eodem
1422 1068 1531 1142 birum
1554 1089 1666 1140 meum

249 1196 367 1266 emisso
390 1215 466 1266 cnm
490 1194 598 1264 omniu
623 1192 776 1262 inferiora
798 1201 832 1262 et
854 1191 1022 1284 superiora
1043 1214 1101 1262 sua
1124 1203 1231 1262 cumta
1256 1201 1289 1263 et
1312 1194 1436 1284 integra
1460 1196 1529 1284 ipsa
1552 1205 1667 1284 querca

247 1345 321 1394 mee
345 1323 385 1394 de
408 1321 617 1414 suprascripta
640 1321 761 1390 ecclesa
784 1317 879 1389 etde
901 1315 1124 1410 suprascriptis
1147 1317 1241 1386 terris
1261 1318 1397 1410 qualiter
1413 1319 1666 1412 super'diximus

247 1445 282 1516 in
306 1444 432 1537 prelato
455 1442 651 1514 monasterio
674 1441 820 1514 dedimus
839 1441 943 1534 adque
958 1440 1146 1513 offeruimus
1162 1441 1203 1514 ad
1218 1440 1402 1514 faciendum
1425 1442 1543 1516 exinde
1558 1446 1667 1517 omnia

248 1594 314 1666 qne
337 1571 376 1640 ad
400 1593 473 1664 pers
495 1571 702 1666 suprascripti
725 1569 910 1640 monasterii
940 1577 974 1639 et
1005 1569 1203 1662 deciusque
1227 1569 1394 1642 abbatibus
1422 1581 1456 1643 et
1486 1573 1665 1646 rectoribus

245 1698 401 1792 placuerit
409 1741 654 1772 ...........
670 1697 724 1767 vir
746 1703 778 1782 et
802 1699 914 1769 conius
938 1697 1085 1771 dedimus
1109 1697 1213 1792 adque
1240 1699 1430 1771 offcndmus
1455 1703 1489 1772 iu
1517 1703 1661 1794 predicto

249 1823 445 1894 monasterio
468 1824 594 1917 integre
616 1821 766 1894 iamdicto
793 1822 914 1894 cartule
937 1845 1013 1898 cum
1029 1822 1124 1894 terris
1140 1832 1262 1894 etcum
1278 1825 1369 1894 omni
1383 1825 1578 1898 coutinentia
1602 1851 1667 1924 que

248 1948 416 2019 continunt
438 1970 499 2041 pro
522 1949 692 2018 securitate
717 1948 821 2042 adque
842 1947 1025 2020 defensione
1052 1947 1187 2043 predicti
1214 1947 1414 2019 monasterii.
1443 1963 1471 2020 et
1486 1951 1524 2022 dc
1538 1925 1663 2045 cibique

248 2070 417 2142 abbatibus
444 2079 476 2140 et
498 2070 678 2142 rectoribus
710 2069 751 2141 ad
781 2071 963 2143 iaciendum
986 2073 1103 2146 exinde
1132 2074 1241 2144 omnia
1271 2097 1336 2169 que
1366 2095 1481 2146 comm
1511 2075 1667 2170 placuerit

246 2200 333 2271 unde
356 2197 397 2268 de
419 2221 458 2268 ea
480 2199 589 2270 omnia
612 2197 826 2294 suprascripta
848 2222 913 2294 que
934 2199 971 2270 in
994 2202 1118 2293 prefato
1140 2201 1335 2272 monasterio
1359 2201 1547 2272 offeruimus
1562 2211 1599 2274 ut
1614 2201 1665 2272 di·

249 2328 358 2398 ximus
381 2325 474 2396 nohis
496 2347 558 2396 nec
582 2325 757 2397 elicuilibet
787 2325 903 2398 exinde
926 2329 1009 2398 nibil
1031 2327 1278 2400 reserbehimus.
1311 2328 1367 2398 Set
1395 2336 1531 2400 cunturn
1555 2335 1587 2400 et
1611 2328 1669 2399 in-

249 2463 380 2546 tegrum
402 2453 489 2545 ipsos
510 2453 547 2524 in
569 2453 714 2545 predicto
737 2455 932 2524 monasterio
955 2453 1103 2524 dedimus
1127 2455 1231 2546 adque
1254 2453 1442 2523 offeruimus
1466 2454 1549 2524 sicut
1571 2475 1668 2546 supra

249 2577 403 2648 diximus.
425 2576 474 2646 Ea
498 2578 622 2648 ratione
645 2587 803 2672 quatenus
826 2580 943 2648 amodo
967 2588 1000 2647 et
1027 2599 1154 2669 semper
1175 2579 1317 2670 prefatus
1347 2579 1560 2650 monasterius
1583 2581 1669 2652 eius-

251 2727 317 2798 que
340 2704 508 2774 ehhutibus
531 2713 629 2796 atque
651 2704 833 2774 rectoribus
856 2703 992 2774 firmiter
1014 2702 1152 2775 habeant
1175 2713 1208 2778 et
1230 2705 1412 2799 possideant
1433 2705 1591 2800 integram
1615 2730 1671 2780 su-

252 2826 462 2920 prascriptam
486 2824 698 2896 offertionem.
721 2826 764 2894 Et
786 2825 966 2918 obligamus
990 2847 1049 2896 nos
1072 2829 1129 2921 qui
1145 2849 1242 2922 supra
1256 2828 1415 2900 landolfus
1439 2849 1547 2901 comes
1569 2839 1603 2900 et
1625 2831 1670 2902 si·

254 2951 427 3044 chelgarda
450 2951 502 3022 vir
525 2959 558 3020 et
583 2950 696 3019 conius
719 2958 786 3018 tam
809 2973 872 3043 ego
888 2951 946 3045 qui
969 2973 1065 3044 supra
1089 2952 1298 3046 sichelgarda
1322 2977 1387 3026 une
1401 2979 1472 3026 cem
1495 2977 1672 3030 comunem

257 3093 285 3148 cr
308 3079 498 3148 voluntatem
520 3077 727 3172 suprascripti
750 3075 815 3146 viri
839 3086 872 3145 et
893 3075 1061 3146 mundoalt
1083 3079 1196 3148 nostri
1220 3101 1280 3150 nos
1304 3091 1337 3150 ct
1360 3083 1477 3153 nostris
1500 3081 1671 3158 heredibus

256 3199 316 3269 tibi
340 3199 398 3292 qui
421 3221 518 3290 supra
549 3199 681 3268 dardani
717 3197 824 3266 abbati
856 3207 889 3266 et
921 3199 961 3268 ed
993 3199 1194 3271 subsessores
1225 3211 1298 3273 tuos
1321 3213 1354 3274 et
1376 3205 1416 3274 ad
1440 3227 1514 3298 pars
1536 3207 1671 3299 predicti

230 3293 353 3392 'vestri
376 3319 562 3389 monasterii
585 3319 744 3410 integram
768 3329 911 3390 nostram
934 3321 1137 3393 offertionem
1161 3325 1330 3397 defendere
1345 3377 1665 3404 ..............

261 3491 507 3514 ...........
515 3465 641 3536 semper
664 3441 728 3511 hab
752 3442 902 3514 omuibus
927 3443 990 3514 illis
1012 3443 1198 3518 hominibus
1221 3459 1254 3518 et
1277 3472 1351 3542 pars
1373 3451 1434 3523 tibi
1462 3453 1516 3524 cui
1538 3455 1592 3526 vel
1614 3457 1672 3528 ubi

253 3585 312 3658 per
335 3587 394 3636 nos
417 3564 471 3637 rel
493 3589 552 3658 per
575 3565 693 3635 nostris
716 3563 887 3638 heredibus
911 3565 997 3659 ipsos
1019 3571 1230 3640 concederem
1252 3573 1305 3642 vel
1321 3573 1494 3645 alienatum
1517 3580 1670 3670 paruerit.

256 3703 312 3764 aut
335 3715 399 3788 que
422 3715 483 3786 pro
506 3701 598 3785 parte
622 3702 655 3762 ct
677 3692 787 3764 deum
811 3705 956 3766 nostrum
980 3697 1015 3768 in
1038 3721 1102 3791 qua
1106 3745 1467 3774 ................
1476 3707 1671 3779 monasterio

257 3819 370 3891 tollere
393 3829 449 3889 aut
473 3817 632 3887 contraire
655 3818 795 3890 boluerit
817 3821 870 3889 Ab
893 3821 964 3892 aliis
987 3821 1067 3892 bero
1090 3823 1276 3896 homimbus
1300 3837 1332 3896 et
1355 3829 1499 3919 partibus
1515 3879 1662 3904 .......

261 3991 581 4016 ..............
588 3953 711 4012 vestros
735 3953 767 4012 et
789 3969 863 4037 pers
885 3949 1091 4040 suprascripti
1115 3951 1214 4020 vestri
1236 3953 1422 4024 monasterii
1445 3955 1534 4028 siclis
1557 3961 1673 4035 exinde

258 4067 382 4142 auctori
406 4077 438 4137 el
461 4067 620 4137 defensori
643 4089 718 4136 01111]
730 4115 1095 4142 ················
1116 4073 1263 4145 iamdicto
1288 4077 1409 4148 cartule
1433 4104 1513 4174 quas
1535 4085 1571 4156 in
1593 4110 1675 4181 pre.

258 4193 324 4261 lato
347 4189 543 4260 monasterio
567 4189 753 4261 offeruimus
778 4200 810 4260 et
833 4214 908 4262 cum
932 4191 1002 4263 aliis
1025 4195 1140 4267 vestris
1162 4197 1341 4272 rationibus
1364 4206 1528 4296 quomodo
1536 4259 1667 4284 ......

264 4364 457 4388 .........
467 4316 582 4386 melius
604 4317 773 4410 potueritis
796 4328 830 4390 et
853 4319 969 4391 exinde
992 4321 1102 4391 omissi
1128 4323 1194 4393 sint
1217 4335 1251 4394 et
1272 4330 1489 4402 causationem
1513 4336 1617 4408 lacere
1641 4349 1675 4410 et

261 4465 414 4538 peregere
421 4492 999 4517 ·························
1008 4457 1153 4542 posteros
1176 4463 1297 4525 vestroe
1321 4467 1354 4528 et
1371 4481 1445 4552 pers
1468 4467 1675 4559 suprascripti

259 4569 360 4640 sesni
383 4571 570 4640 monosterii
593 4569 639 4640 sic
653 4569 689 4640 in
703 4571 855 4642 omnihus
877 4575 1041 4668 quomodo
1057 4600 1116 4648 uos
1131 4580 1248 4652 exinde
1270 4585 1375 4656 facere
1390 4589 1548 4661 debeam
1563 4607 1600 4662 ct
1612 4617 1675 4687 po·

260 4702 414 4770 recurres
429 4701 507 4794 quic
523 4701 556 4768 in
572 4699 628 4769 tali
646 4701 770 4772 ratione
786 4705 820 4772 iu
835 4707 958 4797 prefato
971 4710 1166 4780 monasterio
1183 4711 1269 4805 ipsos
1285 4715 1484 4792 offeruimus.
1510 4722 1544 4791 Si
1568 4733 1675 4796 autem

259 4847 316 4896 uec
330 4827 386 4918 qui
402 4847 498 4919 aspra
510 4826 666 4918 landolfus
680 4849 788 4899 comes
803 4839 835 4900 et
850 4829 1047 4925 sichelgarda
1062 4834 1116 4906 rir
1132 4846 1164 4906 et
1178 4839 1291 4910 conius
1306 4851 1361 4912 aut
1374 4844 1492 4913 nostris
1506 4845 1677 4920 heredibus

258 4953 342 5024 benc
365 4949 511 5025 chartula
534 4953 724 5025 offersionis.
751 4955 791 5027 de
814 4967 970 5053 quantum
994 4963 1137 5035 continet
1165 4963 1335 5058 aliquando
1355 4991 1414 5061 per
1442 4969 1676 5070 qualecumque
