<?xml version="1.0" encoding="UTF-8"?>
<!DOCTYPE html PUBLIC "-//W3C//DTD XHTML 1.0 Transitional//EN"
    "http://www.w3.org/TR/xhtml1/DTD/xhtml1-transitional.dtd">
<html xmlns="http://www.w3.org/1999/xhtml" xml:lang="en" lang="en">
 <head>
  <title>
</title>
<meta http-equiv="Content-Type" content="text/html;charset=utf-8" />
  <meta name='ocr-system' content='tesseract 3.04.00' />
  <meta name='ocr-capabilities' content='ocr_page ocr_carea ocr_par ocr_line ocrx_word'/>
</head>
<body>
  <div class='ocr_page' id='page_1' title='image "./monumentaeditaa00napogoog_0091.png"; bbox 0 0 4876 6520; ppageno 0'>
   <div class='ocr_carea' id='block_1_1' title="bbox 961 621 1084 980">
    <p class='ocr_par' dir='ltr' id='par_1_1' title="bbox 961 621 1084 980">
     <span class='ocr_line' id='line_1_1' title="bbox 961 621 1084 716; baseline 0 0"><span class='ocrx_word' id='word_1_1' title='bbox 961 621 972 716; x_wconf 86' lang='lat' dir='ltr'><strong>l</strong></span> <span class='ocrx_word' id='word_1_2' title='bbox 998 629 1041 692; x_wconf 81' lang='lat'><strong>⁷⁵</strong></span> <span class='ocrx_word' id='word_1_3' title='bbox 1067 624 1084 716; x_wconf 93' lang='lat'>)</span> 
     </span>
     <span class='ocr_line' id='line_1_2' title="bbox 974 877 1066 980; baseline 0.022 -2"><span class='ocrx_word' id='word_1_4' title='bbox 974 877 1066 980; x_wconf 82' lang='lat' dir='ltr'><strong>dcx.</strong></span> 
     </span>
    </p>
   </div>
   <div class='ocr_carea' id='block_1_2' title="bbox 291 1157 1871 3259">
    <p class='ocr_par' dir='ltr' id='par_1_2' title="bbox 307 1157 1871 2006">
     <span class='ocr_line' id='line_1_3' title="bbox 399 1157 1854 1268; baseline 0.007 -40"><span class='ocrx_word' id='word_1_5' title='bbox 399 1159 494 1252; x_wconf 92' lang='lat' dir='ltr'><strong>†ln</strong></span> <span class='ocrx_word' id='word_1_6' title='bbox 522 1157 657 1230; x_wconf 88' lang='lat' dir='ltr'><strong>nomine</strong></span> <span class='ocrx_word' id='word_1_7' title='bbox 690 1157 817 1230; x_wconf 89' lang='lat' dir='ltr'><strong>domini</strong></span> <span class='ocrx_word' id='word_1_8' title='bbox 840 1160 894 1232; x_wconf 92' lang='lat' dir='ltr'><strong>dei</strong></span> <span class='ocrx_word' id='word_1_9' title='bbox 928 1161 1100 1231; x_wconf 90' lang='lat' dir='ltr'><strong>salvatoris</strong></span> <span class='ocrx_word' id='word_1_10' title='bbox 1130 1160 1238 1232; x_wconf 78' lang='lat' dir='ltr'>nostri</span> <span class='ocrx_word' id='word_1_11' title='bbox 1269 1161 1369 1232; x_wconf 91' lang='lat' dir='ltr'><strong>lhesu</strong></span> <span class='ocrx_word' id='word_1_12' title='bbox 1392 1161 1516 1233; x_wconf 82' lang='lat' dir='ltr'><strong>Christi</strong></span> <span class='ocrx_word' id='word_1_13' title='bbox 1546 1165 1731 1258; x_wconf 81' lang='lat' dir='ltr'><strong>Imperante</strong></span> <span class='ocrx_word' id='word_1_14' title='bbox 1797 1219 1854 1268; x_wconf 47' lang='lat' dir='ltr'><strong>m·</strong></span> 
     </span>
     <span class='ocr_line' id='line_1_4' title="bbox 307 1276 1871 1395; baseline 0.002 -37"><span class='ocrx_word' id='word_1_15' title='bbox 307 1286 441 1394; x_wconf 85' lang='lat' dir='ltr'><strong>domino</strong></span> <span class='ocrx_word' id='word_1_16' title='bbox 464 1293 576 1357; x_wconf 88' lang='lat' dir='ltr'><strong>nostro</strong></span> <span class='ocrx_word' id='word_1_17' title='bbox 600 1282 716 1354; x_wconf 85' lang='lat' dir='ltr'><strong>basilio</strong></span> <span class='ocrx_word' id='word_1_18' title='bbox 740 1307 860 1378; x_wconf 81' lang='lat' dir='ltr'><strong>magno</strong></span> <span class='ocrx_word' id='word_1_19' title='bbox 884 1287 1082 1379; x_wconf 80' lang='lat' dir='ltr'>Imperatore</span> <span class='ocrx_word' id='word_1_20' title='bbox 1099 1307 1184 1354; x_wconf 90' lang='lat' dir='ltr'><strong>anno</strong></span> <span class='ocrx_word' id='word_1_21' title='bbox 1200 1276 1356 1355; x_wconf 82' lang='lat' dir='ltr'><strong>vicesimo</strong></span> <span class='ocrx_word' id='word_1_22' title='bbox 1374 1283 1501 1356; x_wconf 83' lang='lat' dir='ltr'><strong>hoctobo</strong></span> <span class='ocrx_word' id='word_1_23' title='bbox 1526 1289 1578 1358; x_wconf 85' lang='lat' dir='ltr'><strong>sed</strong></span> <span class='ocrx_word' id='word_1_24' title='bbox 1601 1302 1630 1359; x_wconf 82' lang='lat' dir='ltr'><strong>et</strong></span> <span class='ocrx_word' id='word_1_25' title='bbox 1653 1313 1733 1362; x_wconf 88' lang='lat' dir='ltr'><strong>con·-</strong></span> <span class='ocrx_word' id='word_1_26' title='bbox 1784 1333 1871 1395; x_wconf 85' lang='lat'><strong>988.</strong></span> 
     </span>
     <span class='ocr_line' id='line_1_5' title="bbox 309 1409 1732 1508; baseline 0.002 -23"><span class='ocrx_word' id='word_1_27' title='bbox 309 1414 450 1486; x_wconf 88' lang='lat' dir='ltr'><strong>stantino</strong></span> <span class='ocrx_word' id='word_1_28' title='bbox 473 1415 572 1488; x_wconf 84' lang='lat' dir='ltr'><strong>trater</strong></span> <span class='ocrx_word' id='word_1_29' title='bbox 596 1413 667 1486; x_wconf 89' lang='lat' dir='ltr'><strong>eius</strong></span> <span class='ocrx_word' id='word_1_30' title='bbox 689 1435 809 1506; x_wconf 85' lang='lat' dir='ltr'><strong>magno</strong></span> <span class='ocrx_word' id='word_1_31' title='bbox 832 1415 1029 1506; x_wconf 79' lang='lat' dir='ltr'><strong>Imperatore</strong></span> <span class='ocrx_word' id='word_1_32' title='bbox 1053 1431 1139 1480; x_wconf 90' lang='lat' dir='ltr'><strong>anno</strong></span> <span class='ocrx_word' id='word_1_33' title='bbox 1163 1409 1320 1484; x_wconf 87' lang='lat' dir='ltr'><strong>vicesimo</strong></span> <span class='ocrx_word' id='word_1_34' title='bbox 1344 1411 1483 1508; x_wconf 90' lang='lat' dir='ltr'><strong>quinto:</strong></span> <span class='ocrx_word' id='word_1_35' title='bbox 1510 1413 1563 1484; x_wconf 88' lang='lat' dir='ltr'><strong>die</strong></span> <span class='ocrx_word' id='word_1_36' title='bbox 1578 1415 1732 1488; x_wconf 76' lang='lat' dir='ltr'><strong>vicesima</strong></span> 
     </span>
     <span class='ocr_line' id='line_1_6' title="bbox 309 1536 1732 1636; baseline 0.001 -24"><span class='ocrx_word' id='word_1_37' title='bbox 309 1541 421 1633; x_wconf 68' lang='lat' dir='ltr'><strong>ptura</strong></span> <span class='ocrx_word' id='word_1_38' title='bbox 444 1539 562 1610; x_wconf 88' lang='lat' dir='ltr'><strong>mensis</strong></span> <span class='ocrx_word' id='word_1_39' title='bbox 586 1536 740 1611; x_wconf 78' lang='lat' dir='ltr'><strong>februarii</strong></span> <span class='ocrx_word' id='word_1_40' title='bbox 763 1536 938 1622; x_wconf 77' lang='lat' dir='ltr'><strong>indictione</strong></span> <span class='ocrx_word' id='word_1_41' title='bbox 953 1537 1057 1629; x_wconf 86' lang='lat' dir='ltr'><strong>prima</strong></span> <span class='ocrx_word' id='word_1_42' title='bbox 1072 1537 1215 1630; x_wconf 82' lang='lat' dir='ltr'><strong>neapoli:</strong></span> <span class='ocrx_word' id='word_1_43' title='bbox 1243 1539 1375 1610; x_wconf 85' lang='lat' dir='ltr'><strong>Certum</strong></span> <span class='ocrx_word' id='word_1_44' title='bbox 1406 1547 1455 1610; x_wconf 91' lang='lat' dir='ltr'><strong>est</strong></span> <span class='ocrx_word' id='word_1_45' title='bbox 1469 1561 1522 1612; x_wconf 89' lang='lat' dir='ltr'><strong>me</strong></span> <span class='ocrx_word' id='word_1_46' title='bbox 1538 1542 1732 1636; x_wconf 89' lang='lat' dir='ltr'><strong>stephanum</strong></span> 
     </span>
     <span class='ocr_line' id='line_1_7' title="bbox 307 1663 1732 1761; baseline 0.002 -23"><span class='ocrx_word' id='word_1_47' title='bbox 307 1667 410 1738; x_wconf 88' lang='lat' dir='ltr'><strong>lilium</strong></span> <span class='ocrx_word' id='word_1_48' title='bbox 433 1665 565 1761; x_wconf 82' lang='lat' dir='ltr'><strong>quidem</strong></span> <span class='ocrx_word' id='word_1_49' title='bbox 589 1663 712 1736; x_wconf 88' lang='lat' dir='ltr'><strong>domini</strong></span> <span class='ocrx_word' id='word_1_50' title='bbox 736 1663 885 1736; x_wconf 89' lang='lat' dir='ltr'><strong>iohannis</strong></span> <span class='ocrx_word' id='word_1_51' title='bbox 907 1663 1058 1734; x_wconf 89' lang='lat' dir='ltr'><strong>monaehi</strong></span> <span class='ocrx_word' id='word_1_52' title='bbox 1083 1671 1116 1734; x_wconf 93' lang='lat' dir='ltr'><strong>et</strong></span> <span class='ocrx_word' id='word_1_53' title='bbox 1140 1663 1305 1758; x_wconf 92' lang='lat' dir='ltr'><strong>quondam</strong></span> <span class='ocrx_word' id='word_1_54' title='bbox 1329 1665 1459 1737; x_wconf 92' lang='lat' dir='ltr'><strong>domine</strong></span> <span class='ocrx_word' id='word_1_55' title='bbox 1485 1669 1598 1740; x_wconf 89' lang='lat' dir='ltr'><strong>sillicte</strong></span> <span class='ocrx_word' id='word_1_56' title='bbox 1627 1668 1732 1741; x_wconf 91' lang='lat' dir='ltr'><strong>bone·</strong></span> 
     </span>
     <span class='ocr_line' id='line_1_8' title="bbox 307 1787 1734 1882; baseline 0.003 -20"><span class='ocrx_word' id='word_1_57' title='bbox 307 1803 356 1863; x_wconf 86' lang='lat' dir='ltr'><strong>ste</strong></span> <span class='ocrx_word' id='word_1_58' title='bbox 379 1793 498 1863; x_wconf 84' lang='lat' dir='ltr'><strong>semine</strong></span> <span class='ocrx_word' id='word_1_59' title='bbox 521 1789 682 1882; x_wconf 80' lang='lat' dir='ltr'><strong>iugalibus</strong></span> <span class='ocrx_word' id='word_1_60' title='bbox 706 1813 772 1860; x_wconf 86' lang='lat' dir='ltr'><strong>una</strong></span> <span class='ocrx_word' id='word_1_61' title='bbox 796 1813 871 1860; x_wconf 88' lang='lat' dir='ltr'><strong>cum</strong></span> <span class='ocrx_word' id='word_1_62' title='bbox 895 1809 1051 1860; x_wconf 90' lang='lat' dir='ltr'><strong>oonsensu</strong></span> <span class='ocrx_word' id='word_1_63' title='bbox 1076 1795 1109 1858; x_wconf 90' lang='lat' dir='ltr'><strong>et</strong></span> <span class='ocrx_word' id='word_1_64' title='bbox 1131 1787 1297 1860; x_wconf 89' lang='lat' dir='ltr'><strong>voluntate</strong></span> <span class='ocrx_word' id='word_1_65' title='bbox 1324 1787 1411 1860; x_wconf 91' lang='lat' dir='ltr'><strong>leoni</strong></span> <span class='ocrx_word' id='word_1_66' title='bbox 1436 1797 1468 1860; x_wconf 92' lang='lat' dir='ltr'><strong>et</strong></span> <span class='ocrx_word' id='word_1_67' title='bbox 1491 1793 1624 1865; x_wconf 91' lang='lat' dir='ltr'><strong>iohanni</strong></span> <span class='ocrx_word' id='word_1_68' title='bbox 1651 1803 1734 1866; x_wconf 91' lang='lat' dir='ltr'><strong>ute-</strong></span> 
     </span>
     <span class='ocr_line' id='line_1_9' title="bbox 310 1909 1734 2006; baseline 0.004 -23"><span class='ocrx_word' id='word_1_69' title='bbox 310 1915 373 1983; x_wconf 94' lang='lat' dir='ltr'><strong>rini</strong></span> <span class='ocrx_word' id='word_1_70' title='bbox 397 1914 541 2005; x_wconf 77' lang='lat' dir='ltr'><strong>germani</strong></span> <span class='ocrx_word' id='word_1_71' title='bbox 565 1913 650 1990; x_wconf 82' lang='lat' dir='ltr'><strong>urei:</strong></span> <span class='ocrx_word' id='word_1_72' title='bbox 669 1912 699 1982; x_wconf 84' lang='lat' dir='ltr'>A</span> <span class='ocrx_word' id='word_1_73' title='bbox 722 1911 862 2005; x_wconf 84' lang='lat' dir='ltr'><strong>presenh&#39;</strong></span> <span class='ocrx_word' id='word_1_74' title='bbox 883 1913 935 1984; x_wconf 88' lang='lat' dir='ltr'><strong>die</strong></span> <span class='ocrx_word' id='word_1_75' title='bbox 958 1909 1176 2006; x_wconf 84' lang='lat' dir='ltr'><strong>promtissima</strong></span> <span class='ocrx_word' id='word_1_76' title='bbox 1190 1913 1380 1983; x_wconf 87' lang='lat' dir='ltr'><strong>voluntate:</strong></span> <span class='ocrx_word' id='word_1_77' title='bbox 1407 1911 1599 1987; x_wconf 78' lang='lat' dir='ltr'><strong>venundedi</strong></span> <span class='ocrx_word' id='word_1_78' title='bbox 1620 1925 1652 1988; x_wconf 89' lang='lat' dir='ltr'><strong>et</strong></span> <span class='ocrx_word' id='word_1_79' title='bbox 1669 1925 1734 1988; x_wconf 88' lang='lat' dir='ltr'><strong>tra-</strong></span> 
     </span>
    </p>

    <p class='ocr_par' dir='ltr' id='par_1_3' title="bbox 291 2037 1804 3259">
     <span class='ocr_line' id='line_1_10' title="bbox 311 2037 1736 2136; baseline 0.004 -28"><span class='ocrx_word' id='word_1_80' title='bbox 311 2038 378 2108; x_wconf 92' lang='lat' dir='ltr'><strong>didi</strong></span> <span class='ocrx_word' id='word_1_81' title='bbox 402 2037 462 2110; x_wconf 87' lang='lat' dir='ltr'><strong>tivi</strong></span> <span class='ocrx_word' id='word_1_82' title='bbox 486 2038 641 2133; x_wconf 89' lang='lat' dir='ltr'><strong>stephano</strong></span> <span class='ocrx_word' id='word_1_83' title='bbox 665 2039 803 2110; x_wconf 89' lang='lat' dir='ltr'><strong>ferrario</strong></span> <span class='ocrx_word' id='word_1_84' title='bbox 828 2037 881 2110; x_wconf 89' lang='lat' dir='ltr'><strong>cui</strong></span> <span class='ocrx_word' id='word_1_85' title='bbox 906 2061 1003 2132; x_wconf 90' lang='lat' dir='ltr'><strong>supra</strong></span> <span class='ocrx_word' id='word_1_86' title='bbox 1025 2057 1147 2109; x_wconf 90' lang='lat' dir='ltr'><strong>nomen</strong></span> <span class='ocrx_word' id='word_1_87' title='bbox 1179 2037 1284 2110; x_wconf 89' lang='lat' dir='ltr'><strong>latitio</strong></span> <span class='ocrx_word' id='word_1_88' title='bbox 1308 2038 1378 2110; x_wconf 85' lang='lat' dir='ltr'><strong>fibo</strong></span> <span class='ocrx_word' id='word_1_89' title='bbox 1399 2040 1564 2135; x_wconf 90' lang='lat' dir='ltr'><strong>quondam</strong></span> <span class='ocrx_word' id='word_1_90' title='bbox 1588 2042 1736 2136; x_wconf 90' lang='lat' dir='ltr'><strong>stephani</strong></span> 
     </span>
     <span class='ocr_line' id='line_1_11' title="bbox 312 2139 1753 2261; baseline 0.005 -31"><span class='ocrx_word' id='word_1_91' title='bbox 312 2161 461 2234; x_wconf 82' lang='lat' dir='ltr'><strong>terrarii:</strong></span> <span class='ocrx_word' id='word_1_92' title='bbox 484 2165 579 2235; x_wconf 88' lang='lat' dir='ltr'><strong>lDest</strong></span> <span class='ocrx_word' id='word_1_93' title='bbox 602 2165 729 2257; x_wconf 81' lang='lat' dir='ltr'><strong>integra</strong></span> <span class='ocrx_word' id='word_1_94' title='bbox 753 2185 818 2234; x_wconf 90' lang='lat' dir='ltr'><strong>una</strong></span> <span class='ocrx_word' id='word_1_95' title='bbox 842 2161 983 2255; x_wconf 76' lang='lat' dir='ltr'><strong>corrigia</strong></span> <span class='ocrx_word' id='word_1_96' title='bbox 1006 2184 1079 2231; x_wconf 93' lang='lat' dir='ltr'><strong>mea</strong></span> <span class='ocrx_word' id='word_1_97' title='bbox 1103 2161 1143 2230; x_wconf 90' lang='lat' dir='ltr'><strong>de</strong></span> <span class='ocrx_word' id='word_1_98' title='bbox 1166 2171 1254 2232; x_wconf 90' lang='lat' dir='ltr'><strong>terra</strong></span> <span class='ocrx_word' id='word_1_99' title='bbox 1278 2187 1343 2258; x_wconf 91' lang='lat' dir='ltr'><strong>que</strong></span> <span class='ocrx_word' id='word_1_100' title='bbox 1367 2164 1555 2236; x_wconf 86' lang='lat' dir='ltr'><strong>nominatur</strong></span> <span class='ocrx_word' id='word_1_101' title='bbox 1584 2177 1616 2236; x_wconf 87' lang='lat' dir='ltr'><strong>at</strong></span> <span class='ocrx_word' id='word_1_102' title='bbox 1643 2139 1753 2261; x_wconf 71' lang='lat' dir='ltr'><strong>pratu⁸</strong></span> 
     </span>
     <span class='ocr_line' id='line_1_12' title="bbox 291 2286 1738 2382; baseline 0.001 -24"><span class='ocrx_word' id='word_1_103' title='bbox 291 2286 488 2358; x_wconf 87' lang='lat' dir='ltr'><strong>rotundum</strong></span> <span class='ocrx_word' id='word_1_104' title='bbox 513 2289 553 2358; x_wconf 92' lang='lat' dir='ltr'><strong>ad</strong></span> <span class='ocrx_word' id='word_1_105' title='bbox 576 2289 724 2358; x_wconf 89' lang='lat' dir='ltr'><strong>crenario</strong></span> <span class='ocrx_word' id='word_1_106' title='bbox 756 2287 862 2382; x_wconf 87' lang='lat' dir='ltr'><strong>posita</strong></span> <span class='ocrx_word' id='word_1_107' title='bbox 895 2289 930 2358; x_wconf 90' lang='lat' dir='ltr'><strong>in</strong></span> <span class='ocrx_word' id='word_1_108' title='bbox 963 2309 1134 2358; x_wconf 91' lang='lat' dir='ltr'><strong>maranum</strong></span> <span class='ocrx_word' id='word_1_109' title='bbox 1160 2309 1326 2357; x_wconf 91' lang='lat' dir='ltr'><strong>unacum</strong></span> <span class='ocrx_word' id='word_1_110' title='bbox 1350 2289 1522 2360; x_wconf 88' lang='lat' dir='ltr'><strong>arvoribus</strong></span> <span class='ocrx_word' id='word_1_111' title='bbox 1545 2301 1577 2360; x_wconf 91' lang='lat' dir='ltr'><strong>et</strong></span> <span class='ocrx_word' id='word_1_112' title='bbox 1602 2289 1738 2361; x_wconf 89' lang='lat' dir='ltr'><strong>introito</strong></span> 
     </span>
     <span class='ocr_line' id='line_1_13' title="bbox 312 2413 1738 2509; baseline 0.005 -27"><span class='ocrx_word' id='word_1_113' title='bbox 312 2432 371 2482; x_wconf 90' lang='lat' dir='ltr'><strong>suo</strong></span> <span class='ocrx_word' id='word_1_114' title='bbox 395 2425 428 2483; x_wconf 88' lang='lat' dir='ltr'><strong>et</strong></span> <span class='ocrx_word' id='word_1_115' title='bbox 451 2415 603 2486; x_wconf 87' lang='lat' dir='ltr'><strong>omnibus</strong></span> <span class='ocrx_word' id='word_1_116' title='bbox 625 2416 688 2486; x_wconf 88' lang='lat' dir='ltr'><strong>sivi</strong></span> <span class='ocrx_word' id='word_1_117' title='bbox 711 2416 945 2509; x_wconf 75' lang='lat' dir='ltr'><strong>pertinentibus</strong></span> <span class='ocrx_word' id='word_1_118' title='bbox 968 2415 1148 2508; x_wconf 88' lang='lat' dir='ltr'><strong>pertinente</strong></span> <span class='ocrx_word' id='word_1_119' title='bbox 1172 2413 1254 2483; x_wconf 90' lang='lat' dir='ltr'><strong>mihi</strong></span> <span class='ocrx_word' id='word_1_120' title='bbox 1277 2439 1336 2507; x_wconf 90' lang='lat' dir='ltr'><strong>per</strong></span> <span class='ocrx_word' id='word_1_121' title='bbox 1350 2425 1561 2507; x_wconf 92' lang='lat' dir='ltr'><strong>parentorum</strong></span> <span class='ocrx_word' id='word_1_122' title='bbox 1587 2439 1738 2488; x_wconf 90' lang='lat' dir='ltr'><strong>meorum</strong></span> 
     </span>
     <span class='ocr_line' id='line_1_14' title="bbox 313 2536 1738 2632; baseline 0.006 -28"><span class='ocrx_word' id='word_1_123' title='bbox 313 2545 345 2604; x_wconf 90' lang='lat' dir='ltr'><strong>et</strong></span> <span class='ocrx_word' id='word_1_124' title='bbox 369 2559 417 2606; x_wconf 86' lang='lat' dir='ltr'><strong>me</strong></span> <span class='ocrx_word' id='word_1_125' title='bbox 441 2536 475 2606; x_wconf 93' lang='lat' dir='ltr'><strong>in</strong></span> <span class='ocrx_word' id='word_1_126' title='bbox 500 2548 586 2607; x_wconf 86' lang='lat' dir='ltr'><strong>sorte</strong></span> <span class='ocrx_word' id='word_1_127' title='bbox 610 2539 716 2630; x_wconf 81' lang='lat' dir='ltr'><strong>tetigit</strong></span> <span class='ocrx_word' id='word_1_128' title='bbox 725 2588 904 2610; x_wconf 90' lang='grc'><strong>........</strong></span> <span class='ocrx_word' id='word_1_129' title='bbox 911 2551 944 2608; x_wconf 89' lang='lat' dir='ltr'><strong>et</strong></span> <span class='ocrx_word' id='word_1_130' title='bbox 968 2562 987 2606; x_wconf 92' lang='lat' dir='ltr'><strong>a</strong></span> <span class='ocrx_word' id='word_1_131' title='bbox 1011 2557 1181 2632; x_wconf 84' lang='lat' dir='ltr'><strong>germanas</strong></span> <span class='ocrx_word' id='word_1_132' title='bbox 1207 2557 1314 2606; x_wconf 90' lang='lat' dir='ltr'><strong>meas:</strong></span> <span class='ocrx_word' id='word_1_133' title='bbox 1338 2537 1511 2609; x_wconf 87' lang='lat' dir='ltr'><strong>coherente</strong></span> <span class='ocrx_word' id='word_1_134' title='bbox 1527 2538 1590 2610; x_wconf 92' lang='lat' dir='ltr'><strong>sibi</strong></span> <span class='ocrx_word' id='word_1_135' title='bbox 1606 2541 1646 2610; x_wconf 86' lang='lat' dir='ltr'><strong>ab</strong></span> <span class='ocrx_word' id='word_1_136' title='bbox 1670 2565 1738 2613; x_wconf 91' lang='lat' dir='ltr'><strong>uno</strong></span> 
     </span>
     <span class='ocr_line' id='line_1_15' title="bbox 315 2661 1737 2757; baseline 0.006 -27"><span class='ocrx_word' id='word_1_137' title='bbox 315 2661 416 2732; x_wconf 87' lang='lat' dir='ltr'><strong>latere</strong></span> <span class='ocrx_word' id='word_1_138' title='bbox 439 2673 525 2732; x_wconf 87' lang='lat' dir='ltr'><strong>terra</strong></span> <span class='ocrx_word' id='word_1_139' title='bbox 550 2663 686 2734; x_wconf 85' lang='lat' dir='ltr'><strong>andreae</strong></span> <span class='ocrx_word' id='word_1_140' title='bbox 710 2663 881 2757; x_wconf 84' lang='lat' dir='ltr'><strong>presbiteri</strong></span> <span class='ocrx_word' id='word_1_141' title='bbox 906 2664 946 2734; x_wconf 86' lang='lat' dir='ltr'><strong>de</strong></span> <span class='ocrx_word' id='word_1_142' title='bbox 961 2687 1103 2748; x_wconf 36' lang='lat' dir='ltr'><strong>moreau,</strong></span> <span class='ocrx_word' id='word_1_143' title='bbox 1113 2663 1153 2734; x_wconf 91' lang='lat' dir='ltr'><strong>de</strong></span> <span class='ocrx_word' id='word_1_144' title='bbox 1171 2664 1236 2734; x_wconf 89' lang='lat' dir='ltr'><strong>alio</strong></span> <span class='ocrx_word' id='word_1_145' title='bbox 1259 2663 1360 2735; x_wconf 89' lang='lat' dir='ltr'><strong>latere</strong></span> <span class='ocrx_word' id='word_1_146' title='bbox 1385 2663 1517 2736; x_wconf 86' lang='lat' dir='ltr'><strong>coheret</strong></span> <span class='ocrx_word' id='word_1_147' title='bbox 1539 2666 1681 2738; x_wconf 88' lang='lat' dir='ltr'><strong>clusuria</strong></span> <span class='ocrx_word' id='word_1_148' title='bbox 1698 2669 1737 2740; x_wconf 88' lang='lat' dir='ltr'><strong>de</strong></span> 
     </span>
     <span class='ocr_line' id='line_1_16' title="bbox 317 2789 1741 2888; baseline 0.001 -27"><span class='ocrx_word' id='word_1_149' title='bbox 317 2789 366 2862; x_wconf 78' lang='lat' dir='ltr'><strong>illi</strong></span> <span class='ocrx_word' id='word_1_150' title='bbox 389 2789 549 2882; x_wconf 87' lang='lat' dir='ltr'><strong>spicarelli</strong></span> <span class='ocrx_word' id='word_1_151' title='bbox 573 2801 607 2861; x_wconf 86' lang='lat' dir='ltr'><strong>et</strong></span> <span class='ocrx_word' id='word_1_152' title='bbox 631 2791 705 2861; x_wconf 87' lang='lat' dir='ltr'><strong>abet</strong></span> <span class='ocrx_word' id='word_1_153' title='bbox 728 2792 768 2862; x_wconf 87' lang='lat' dir='ltr'><strong>de</strong></span> <span class='ocrx_word' id='word_1_154' title='bbox 791 2791 995 2885; x_wconf 86' lang='lat' dir='ltr'><strong>longitudine</strong></span> <span class='ocrx_word' id='word_1_155' title='bbox 1018 2793 1103 2888; x_wconf 89' lang='lat' dir='ltr'><strong>passi</strong></span> <span class='ocrx_word' id='word_1_156' title='bbox 1126 2791 1369 2884; x_wconf 80' lang='lat' dir='ltr'><strong>octogintaocto</strong></span> <span class='ocrx_word' id='word_1_157' title='bbox 1384 2815 1445 2885; x_wconf 92' lang='lat' dir='ltr'><strong>pro</strong></span> <span class='ocrx_word' id='word_1_158' title='bbox 1459 2815 1658 2888; x_wconf 90' lang='lat' dir='ltr'><strong>unoquoque</strong></span> <span class='ocrx_word' id='word_1_159' title='bbox 1684 2795 1741 2864; x_wconf 90' lang='lat' dir='ltr'><strong>la-</strong></span> 
     </span>
     <span class='ocr_line' id='line_1_17' title="bbox 317 2919 1732 3013; baseline 0.004 -27"><span class='ocrx_word' id='word_1_160' title='bbox 317 2927 404 2988; x_wconf 88' lang='lat' dir='ltr'><strong>tere:</strong></span> <span class='ocrx_word' id='word_1_161' title='bbox 429 2930 462 2989; x_wconf 90' lang='lat' dir='ltr'><strong>et</strong></span> <span class='ocrx_word' id='word_1_162' title='bbox 485 2919 525 2988; x_wconf 93' lang='lat' dir='ltr'><strong>de</strong></span> <span class='ocrx_word' id='word_1_163' title='bbox 548 2941 617 2990; x_wconf 91' lang='lat' dir='ltr'><strong>uno</strong></span> <span class='ocrx_word' id='word_1_164' title='bbox 641 2919 745 3012; x_wconf 88' lang='lat' dir='ltr'><strong>capite</strong></span> <span class='ocrx_word' id='word_1_165' title='bbox 769 2919 901 2990; x_wconf 86' lang='lat' dir='ltr'><strong>coheret</strong></span> <span class='ocrx_word' id='word_1_166' title='bbox 925 2921 978 2990; x_wconf 91' lang='lat' dir='ltr'><strong>via</strong></span> <span class='ocrx_word' id='word_1_167' title='bbox 1002 2930 1035 2990; x_wconf 91' lang='lat' dir='ltr'><strong>et</strong></span> <span class='ocrx_word' id='word_1_168' title='bbox 1059 2921 1134 2992; x_wconf 91' lang='lat' dir='ltr'><strong>abet</strong></span> <span class='ocrx_word' id='word_1_169' title='bbox 1158 2921 1267 2992; x_wconf 87' lang='lat' dir='ltr'><strong>ibide</strong></span> <span class='ocrx_word' id='word_1_170' title='bbox 1293 2919 1461 2995; x_wconf 89' lang='lat' dir='ltr'><strong>latitudine</strong></span> <span class='ocrx_word' id='word_1_171' title='bbox 1485 2921 1570 3013; x_wconf 87' lang='lat' dir='ltr'><strong>passi</strong></span> <span class='ocrx_word' id='word_1_172' title='bbox 1580 2971 1732 2993; x_wconf 91' lang='grc'><strong>.......</strong></span> 
     </span>
     <span class='ocr_line' id='line_1_18' title="bbox 317 3043 1804 3136; baseline 0.001 -24"><span class='ocrx_word' id='word_1_173' title='bbox 317 3063 443 3135; x_wconf 88' lang='lat' dir='ltr'><strong>usque:</strong></span> <span class='ocrx_word' id='word_1_174' title='bbox 470 3043 511 3113; x_wconf 89' lang='lat' dir='ltr'><strong>ad</strong></span> <span class='ocrx_word' id='word_1_175' title='bbox 542 3043 641 3113; x_wconf 86' lang='lat' dir='ltr'><strong>finem</strong></span> <span class='ocrx_word' id='word_1_176' title='bbox 666 3043 706 3114; x_wconf 90' lang='lat' dir='ltr'><strong>de</strong></span> <span class='ocrx_word' id='word_1_177' title='bbox 738 3045 856 3114; x_wconf 80' lang='lat' dir='ltr'><strong>fossato</strong></span> <span class='ocrx_word' id='word_1_178' title='bbox 880 3043 920 3114; x_wconf 93' lang='lat' dir='ltr'><strong>de</strong></span> <span class='ocrx_word' id='word_1_179' title='bbox 944 3044 1012 3114; x_wconf 91' lang='lat' dir='ltr'><strong>ibsa</strong></span> <span class='ocrx_word' id='word_1_180' title='bbox 1044 3045 1185 3115; x_wconf 89' lang='lat' dir='ltr'><strong>clusuria</strong></span> <span class='ocrx_word' id='word_1_181' title='bbox 1218 3044 1258 3113; x_wconf 94' lang='lat' dir='ltr'><strong>de</strong></span> <span class='ocrx_word' id='word_1_182' title='bbox 1283 3043 1331 3114; x_wconf 94' lang='lat' dir='ltr'><strong>illi</strong></span> <span class='ocrx_word' id='word_1_183' title='bbox 1354 3043 1534 3136; x_wconf 90' lang='lat' dir='ltr'><strong>spicarelli:</strong></span> <span class='ocrx_word' id='word_1_184' title='bbox 1558 3055 1591 3113; x_wconf 90' lang='lat' dir='ltr'><strong>et</strong></span> <span class='ocrx_word' id='word_1_185' title='bbox 1615 3045 1656 3114; x_wconf 87' lang='lat' dir='ltr'><strong>ab</strong></span> <span class='ocrx_word' id='word_1_186' title='bbox 1679 3046 1743 3116; x_wconf 89' lang='lat' dir='ltr'><strong>alio</strong></span> <span class='ocrx_word' id='word_1_187' title='bbox 1803 3121 1804 3130; x_wconf 8' lang='grc' dir='ltr'>χ</span> 
     </span>
     <span class='ocr_line' id='line_1_19' title="bbox 318 3165 1743 3259; baseline 0.001 -23"><span class='ocrx_word' id='word_1_188' title='bbox 318 3168 422 3258; x_wconf 83' lang='lat' dir='ltr'><strong>eapite</strong></span> <span class='ocrx_word' id='word_1_189' title='bbox 445 3167 577 3238; x_wconf 89' lang='lat' dir='ltr'><strong>coheret</strong></span> <span class='ocrx_word' id='word_1_190' title='bbox 600 3177 686 3234; x_wconf 91' lang='lat' dir='ltr'><strong>terra</strong></span> <span class='ocrx_word' id='word_1_191' title='bbox 708 3171 747 3236; x_wconf 92' lang='lat' dir='ltr'><strong>de</strong></span> <span class='ocrx_word' id='word_1_192' title='bbox 771 3167 821 3237; x_wconf 93' lang='lat' dir='ltr'><strong>illi</strong></span> <span class='ocrx_word' id='word_1_193' title='bbox 846 3167 1084 3235; x_wconf 86' lang='lat' dir='ltr'><strong>eodatlammoli</strong></span> <span class='ocrx_word' id='word_1_194' title='bbox 1109 3177 1141 3236; x_wconf 89' lang='lat' dir='ltr'><strong>et</strong></span> <span class='ocrx_word' id='word_1_195' title='bbox 1167 3167 1240 3236; x_wconf 89' lang='lat' dir='ltr'><strong>abet</strong></span> <span class='ocrx_word' id='word_1_196' title='bbox 1263 3166 1309 3237; x_wconf 90' lang='lat' dir='ltr'><strong>ibi</strong></span> <span class='ocrx_word' id='word_1_197' title='bbox 1325 3165 1365 3236; x_wconf 91' lang='lat' dir='ltr'><strong>de</strong></span> <span class='ocrx_word' id='word_1_198' title='bbox 1380 3165 1548 3236; x_wconf 89' lang='lat' dir='ltr'><strong>latitudine</strong></span> <span class='ocrx_word' id='word_1_199' title='bbox 1571 3169 1657 3259; x_wconf 90' lang='lat' dir='ltr'><strong>passi</strong></span> <span class='ocrx_word' id='word_1_200' title='bbox 1676 3178 1743 3238; x_wconf 90' lang='lat' dir='ltr'><strong>tre-</strong></span> 
     </span>
    </p>
   </div>
   <div class='ocr_carea' id='block_1_3' title="bbox 319 3289 1746 3768">
    <p class='ocr_par' dir='ltr' id='par_1_4' title="bbox 319 3289 1746 3768">
     <span class='ocr_line' id='line_1_20' title="bbox 319 3289 1743 3386; baseline 0.004 -26"><span class='ocrx_word' id='word_1_201' title='bbox 319 3289 444 3361; x_wconf 83' lang='lat' dir='ltr'><strong>decim:</strong></span> <span class='ocrx_word' id='word_1_202' title='bbox 477 3291 649 3362; x_wconf 87' lang='lat' dir='ltr'><strong>memorati</strong></span> <span class='ocrx_word' id='word_1_203' title='bbox 680 3313 795 3360; x_wconf 91' lang='lat' dir='ltr'><strong>omnes</strong></span> <span class='ocrx_word' id='word_1_204' title='bbox 826 3291 911 3384; x_wconf 91' lang='lat' dir='ltr'><strong>passi</strong></span> <span class='ocrx_word' id='word_1_205' title='bbox 943 3291 1122 3362; x_wconf 88' lang='lat' dir='ltr'><strong>mensurati</strong></span> <span class='ocrx_word' id='word_1_206' title='bbox 1154 3299 1229 3362; x_wconf 91' lang='lat' dir='ltr'><strong>sunt</strong></span> <span class='ocrx_word' id='word_1_207' title='bbox 1259 3299 1291 3360; x_wconf 91' lang='lat' dir='ltr'><strong>at</strong></span> <span class='ocrx_word' id='word_1_208' title='bbox 1313 3314 1443 3386; x_wconf 89' lang='lat' dir='ltr'><strong>passum</strong></span> <span class='ocrx_word' id='word_1_209' title='bbox 1468 3293 1610 3363; x_wconf 83' lang='lat' dir='ltr'><strong>ferreum</strong></span> <span class='ocrx_word' id='word_1_210' title='bbox 1634 3305 1743 3366; x_wconf 88' lang='lat' dir='ltr'><strong>sancte</strong></span> 
     </span>
     <span class='ocr_line' id='line_1_21' title="bbox 320 3395 1745 3513; baseline 0.003 -23"><span class='ocrx_word' id='word_1_211' title='bbox 320 3419 523 3513; x_wconf 77' lang='lat' dir='ltr'><strong>neapolitano</strong></span> <span class='ocrx_word' id='word_1_212' title='bbox 548 3420 699 3498; x_wconf 84' lang='lat' dir='ltr'><strong>ecclesie:</strong></span> <span class='ocrx_word' id='word_1_213' title='bbox 732 3421 818 3491; x_wconf 85' lang='lat' dir='ltr'><strong>unde</strong></span> <span class='ocrx_word' id='word_1_214' title='bbox 847 3417 931 3488; x_wconf 91' lang='lat' dir='ltr'><strong>nihil</strong></span> <span class='ocrx_word' id='word_1_215' title='bbox 964 3417 1047 3489; x_wconf 91' lang='lat' dir='ltr'><strong>mihi</strong></span> <span class='ocrx_word' id='word_1_216' title='bbox 1071 3395 1188 3490; x_wconf 84' lang='lat' dir='ltr'><strong>exinde</strong></span> <span class='ocrx_word' id='word_1_217' title='bbox 1212 3419 1300 3490; x_wconf 89' lang='lat' dir='ltr'><strong>intus</strong></span> <span class='ocrx_word' id='word_1_218' title='bbox 1324 3430 1518 3492; x_wconf 90' lang='lat' dir='ltr'><strong>memoratas</strong></span> <span class='ocrx_word' id='word_1_219' title='bbox 1542 3421 1745 3494; x_wconf 75' lang='lat' dir='ltr'><strong>coherentia:</strong></span> 
     </span>
     <span class='ocr_line' id='line_1_22' title="bbox 322 3545 1745 3640; baseline 0.004 -24"><span class='ocrx_word' id='word_1_220' title='bbox 322 3555 354 3616; x_wconf 87' lang='lat' dir='ltr'><strong>et</strong></span> <span class='ocrx_word' id='word_1_221' title='bbox 378 3546 464 3618; x_wconf 90' lang='lat' dir='ltr'><strong>intus</strong></span> <span class='ocrx_word' id='word_1_222' title='bbox 487 3548 661 3618; x_wconf 88' lang='lat' dir='ltr'><strong>memorati</strong></span> <span class='ocrx_word' id='word_1_223' title='bbox 691 3548 777 3640; x_wconf 83' lang='lat' dir='ltr'><strong>passi</strong></span> <span class='ocrx_word' id='word_1_224' title='bbox 800 3545 933 3640; x_wconf 87' lang='lat' dir='ltr'><strong>aliquod</strong></span> <span class='ocrx_word' id='word_1_225' title='bbox 956 3547 1111 3617; x_wconf 84' lang='lat' dir='ltr'><strong>remansit</strong></span> <span class='ocrx_word' id='word_1_226' title='bbox 1134 3557 1191 3615; x_wconf 90' lang='lat' dir='ltr'><strong>aut</strong></span> <span class='ocrx_word' id='word_1_227' title='bbox 1214 3549 1393 3618; x_wconf 89' lang='lat' dir='ltr'><strong>reservavi:</strong></span> <span class='ocrx_word' id='word_1_228' title='bbox 1427 3555 1459 3616; x_wconf 91' lang='lat' dir='ltr'><strong>et</strong></span> <span class='ocrx_word' id='word_1_229' title='bbox 1483 3571 1501 3614; x_wconf 92' lang='lat' dir='ltr'><strong>a</strong></span> <span class='ocrx_word' id='word_1_230' title='bbox 1525 3551 1667 3640; x_wconf 88' lang='lat' dir='ltr'><strong>presenti</strong></span> <span class='ocrx_word' id='word_1_231' title='bbox 1692 3549 1745 3622; x_wconf 91' lang='lat' dir='ltr'><strong>die</strong></span> 
     </span>
     <span class='ocr_line' id='line_1_23' title="bbox 323 3673 1746 3768; baseline 0.003 -25"><span class='ocrx_word' id='word_1_232' title='bbox 323 3674 449 3765; x_wconf 85' lang='lat' dir='ltr'><strong>integra</strong></span> <span class='ocrx_word' id='word_1_233' title='bbox 472 3684 650 3746; x_wconf 89' lang='lat' dir='ltr'><strong>memorata</strong></span> <span class='ocrx_word' id='word_1_234' title='bbox 674 3675 815 3766; x_wconf 83' lang='lat' dir='ltr'><strong>corrigia</strong></span> <span class='ocrx_word' id='word_1_235' title='bbox 838 3697 912 3743; x_wconf 89' lang='lat' dir='ltr'><strong>mea</strong></span> <span class='ocrx_word' id='word_1_236' title='bbox 936 3675 975 3744; x_wconf 91' lang='lat' dir='ltr'><strong>de</strong></span> <span class='ocrx_word' id='word_1_237' title='bbox 999 3683 1178 3744; x_wconf 91' lang='lat' dir='ltr'><strong>memorata</strong></span> <span class='ocrx_word' id='word_1_238' title='bbox 1201 3682 1288 3744; x_wconf 88' lang='lat' dir='ltr'><strong>terra</strong></span> <span class='ocrx_word' id='word_1_239' title='bbox 1311 3695 1375 3768; x_wconf 90' lang='lat' dir='ltr'><strong>que</strong></span> <span class='ocrx_word' id='word_1_240' title='bbox 1392 3673 1579 3743; x_wconf 91' lang='lat' dir='ltr'><strong>nominatur</strong></span> <span class='ocrx_word' id='word_1_241' title='bbox 1596 3675 1636 3743; x_wconf 88' lang='lat' dir='ltr'><strong>ad</strong></span> <span class='ocrx_word' id='word_1_242' title='bbox 1651 3680 1746 3768; x_wconf 87' lang='lat' dir='ltr'><strong>pratu</strong></span> 
     </span>
    </p>
   </div>
   <div class='ocr_carea' id='block_1_4' title="bbox 322 3801 1756 5026">
    <p class='ocr_par' dir='ltr' id='par_1_5' title="bbox 322 3801 1756 5026">
     <span class='ocr_line' id='line_1_24' title="bbox 322 3801 1746 3894; baseline 0.002 -22"><span class='ocrx_word' id='word_1_243' title='bbox 322 3804 465 3874; x_wconf 90' lang='lat' dir='ltr'><strong>rotundo</strong></span> <span class='ocrx_word' id='word_1_244' title='bbox 490 3803 531 3872; x_wconf 90' lang='lat' dir='ltr'><strong>ad</strong></span> <span class='ocrx_word' id='word_1_245' title='bbox 554 3803 702 3873; x_wconf 87' lang='lat' dir='ltr'><strong>arenario</strong></span> <span class='ocrx_word' id='word_1_246' title='bbox 722 3805 829 3894; x_wconf 84' lang='lat' dir='ltr'><strong>posito</strong></span> <span class='ocrx_word' id='word_1_247' title='bbox 853 3805 888 3874; x_wconf 91' lang='lat' dir='ltr'><strong>in</strong></span> <span class='ocrx_word' id='word_1_248' title='bbox 911 3813 1092 3876; x_wconf 90' lang='lat' dir='ltr'><strong>memorato</strong></span> <span class='ocrx_word' id='word_1_249' title='bbox 1116 3803 1188 3873; x_wconf 92' lang='lat' dir='ltr'><strong>loco</strong></span> <span class='ocrx_word' id='word_1_250' title='bbox 1212 3825 1383 3874; x_wconf 90' lang='lat' dir='ltr'><strong>maranum</strong></span> <span class='ocrx_word' id='word_1_251' title='bbox 1398 3823 1463 3871; x_wconf 90' lang='lat' dir='ltr'><strong>una</strong></span> <span class='ocrx_word' id='word_1_252' title='bbox 1481 3824 1557 3871; x_wconf 88' lang='lat' dir='ltr'><strong>cum</strong></span> <span class='ocrx_word' id='word_1_253' title='bbox 1575 3801 1746 3875; x_wconf 87' lang='lat' dir='ltr'><strong>arboribus</strong></span> 
     </span>
     <span class='ocr_line' id='line_1_25' title="bbox 325 3923 1747 4019; baseline 0.004 -24"><span class='ocrx_word' id='word_1_254' title='bbox 325 3936 358 4006; x_wconf 86' lang='lat' dir='ltr'><strong>et</strong></span> <span class='ocrx_word' id='word_1_255' title='bbox 382 3924 516 3996; x_wconf 87' lang='lat' dir='ltr'><strong>introito</strong></span> <span class='ocrx_word' id='word_1_256' title='bbox 540 3946 601 3996; x_wconf 88' lang='lat' dir='ltr'><strong>sno</strong></span> <span class='ocrx_word' id='word_1_257' title='bbox 624 3933 657 3994; x_wconf 91' lang='lat' dir='ltr'><strong>et</strong></span> <span class='ocrx_word' id='word_1_258' title='bbox 680 3923 832 3995; x_wconf 88' lang='lat' dir='ltr'><strong>omnibus</strong></span> <span class='ocrx_word' id='word_1_259' title='bbox 856 3925 907 3994; x_wconf 86' lang='lat' dir='ltr'><strong>eis</strong></span> <span class='ocrx_word' id='word_1_260' title='bbox 925 3925 1162 4017; x_wconf 89' lang='lat' dir='ltr'><strong>pertinentibus</strong></span> <span class='ocrx_word' id='word_1_261' title='bbox 1178 3939 1331 4018; x_wconf 60' lang='lat' dir='ltr'><strong>waterus</strong></span> <span class='ocrx_word' id='word_1_262' title='bbox 1346 3949 1403 4019; x_wconf 91' lang='lat' dir='ltr'><strong>per</strong></span> <span class='ocrx_word' id='word_1_263' title='bbox 1429 3935 1623 3996; x_wconf 89' lang='lat' dir='ltr'><strong>memoratas</strong></span> <span class='ocrx_word' id='word_1_264' title='bbox 1642 3927 1747 4000; x_wconf 86' lang='lat' dir='ltr'><strong>cohe-</strong></span> 
     </span>
     <span class='ocr_line' id='line_1_26' title="bbox 328 4051 1748 4148; baseline 0.001 -21"><span class='ocrx_word' id='word_1_265' title='bbox 328 4058 447 4137; x_wconf 81' lang='lat' dir='ltr'><strong>rendae</strong></span> <span class='ocrx_word' id='word_1_266' title='bbox 471 4065 504 4124; x_wconf 90' lang='lat' dir='ltr'><strong>et</strong></span> <span class='ocrx_word' id='word_1_267' title='bbox 526 4077 585 4147; x_wconf 88' lang='lat' dir='ltr'><strong>per</strong></span> <span class='ocrx_word' id='word_1_268' title='bbox 608 4054 779 4124; x_wconf 86' lang='lat' dir='ltr'><strong>memorali</strong></span> <span class='ocrx_word' id='word_1_269' title='bbox 803 4052 887 4147; x_wconf 91' lang='lat' dir='ltr'><strong>passi</strong></span> <span class='ocrx_word' id='word_1_270' title='bbox 910 4053 972 4124; x_wconf 92' lang='lat' dir='ltr'><strong>tivi</strong></span> <span class='ocrx_word' id='word_1_271' title='bbox 996 4077 1032 4123; x_wconf 88' lang='lat' dir='ltr'><strong>ea</strong></span> <span class='ocrx_word' id='word_1_272' title='bbox 1057 4051 1220 4123; x_wconf 89' lang='lat' dir='ltr'><strong>insinuavi</strong></span> <span class='ocrx_word' id='word_1_273' title='bbox 1244 4053 1335 4124; x_wconf 91' lang='lat' dir='ltr'><strong>sicud</strong></span> <span class='ocrx_word' id='word_1_274' title='bbox 1359 4053 1506 4147; x_wconf 89' lang='lat' dir='ltr'><strong>superius</strong></span> <span class='ocrx_word' id='word_1_275' title='bbox 1523 4053 1643 4148; x_wconf 81' lang='lat' dir='ltr'><strong>legitur</strong></span> <span class='ocrx_word' id='word_1_276' title='bbox 1660 4081 1678 4124; x_wconf 89' lang='lat' dir='ltr'><strong>a</strong></span> <span class='ocrx_word' id='word_1_277' title='bbox 1695 4080 1748 4128; x_wconf 89' lang='lat' dir='ltr'><strong>me</strong></span> 
     </span>
     <span class='ocr_line' id='line_1_27' title="bbox 326 4176 1750 4280; baseline 0.004 -32"><span class='ocrx_word' id='word_1_278' title='bbox 326 4180 387 4250; x_wconf 85' lang='lat' dir='ltr'><strong>tivi</strong></span> <span class='ocrx_word' id='word_1_279' title='bbox 411 4179 453 4249; x_wconf 90' lang='lat' dir='ltr'><strong>sit</strong></span> <span class='ocrx_word' id='word_1_280' title='bbox 478 4177 698 4248; x_wconf 89' lang='lat' dir='ltr'><strong>venundatum</strong></span> <span class='ocrx_word' id='word_1_281' title='bbox 722 4187 755 4246; x_wconf 87' lang='lat' dir='ltr'><strong>et</strong></span> <span class='ocrx_word' id='word_1_282' title='bbox 778 4177 934 4248; x_wconf 89' lang='lat' dir='ltr'><strong>traditum</strong></span> <span class='ocrx_word' id='word_1_283' title='bbox 965 4178 1000 4248; x_wconf 94' lang='lat' dir='ltr'><strong>in</strong></span> <span class='ocrx_word' id='word_1_284' title='bbox 1032 4185 1089 4247; x_wconf 91' lang='lat' dir='ltr'><strong>tua</strong></span> <span class='ocrx_word' id='word_1_285' title='bbox 1123 4176 1267 4270; x_wconf 89' lang='lat' dir='ltr'><strong>tuisque:</strong></span> <span class='ocrx_word' id='word_1_286' title='bbox 1299 4177 1470 4250; x_wconf 89' lang='lat' dir='ltr'><strong>heredibus</strong></span> <span class='ocrx_word' id='word_1_287' title='bbox 1505 4181 1570 4250; x_wconf 89' lang='lat' dir='ltr'><strong>sint</strong></span> <span class='ocrx_word' id='word_1_288' title='bbox 1592 4191 1750 4280; x_wconf 87' lang='lat' dir='ltr'><strong>potestate</strong></span> 
     </span>
     <span class='ocr_line' id='line_1_28' title="bbox 327 4299 1751 4401; baseline 0.002 -29"><span class='ocrx_word' id='word_1_289' title='bbox 327 4324 456 4396; x_wconf 88' lang='lat' dir='ltr'><strong>queque</strong></span> <span class='ocrx_word' id='word_1_290' title='bbox 481 4301 597 4372; x_wconf 80' lang='lat' dir='ltr'><strong>exinde</strong></span> <span class='ocrx_word' id='word_1_291' title='bbox 622 4304 726 4372; x_wconf 85' lang='lat' dir='ltr'><strong>facere</strong></span> <span class='ocrx_word' id='word_1_292' title='bbox 750 4299 919 4370; x_wconf 88' lang='lat' dir='ltr'><strong>volueritis</strong></span> <span class='ocrx_word' id='word_1_293' title='bbox 943 4323 984 4370; x_wconf 90' lang='lat' dir='ltr'><strong>av</strong></span> <span class='ocrx_word' id='word_1_294' title='bbox 1008 4301 1141 4370; x_wconf 89' lang='lat' dir='ltr'><strong>odierna</strong></span> <span class='ocrx_word' id='word_1_295' title='bbox 1164 4301 1217 4370; x_wconf 90' lang='lat' dir='ltr'><strong>die</strong></span> <span class='ocrx_word' id='word_1_296' title='bbox 1240 4323 1368 4395; x_wconf 87' lang='lat' dir='ltr'><strong>semper</strong></span> <span class='ocrx_word' id='word_1_297' title='bbox 1391 4301 1527 4374; x_wconf 88' lang='lat' dir='ltr'><strong>liberam</strong></span> <span class='ocrx_word' id='word_1_298' title='bbox 1547 4305 1666 4376; x_wconf 87' lang='lat' dir='ltr'><strong>abeatis</strong></span> <span class='ocrx_word' id='word_1_299' title='bbox 1690 4331 1751 4401; x_wconf 89' lang='lat' dir='ltr'><strong>po-</strong></span> 
     </span>
     <span class='ocr_line' id='line_1_29' title="bbox 327 4423 1743 4519; baseline 0.005 -22"><span class='ocrx_word' id='word_1_300' title='bbox 327 4435 459 4497; x_wconf 86' lang='lat' dir='ltr'><strong>testate:</strong></span> <span class='ocrx_word' id='word_1_301' title='bbox 483 4436 516 4496; x_wconf 89' lang='lat' dir='ltr'><strong>et</strong></span> <span class='ocrx_word' id='word_1_302' title='bbox 539 4449 646 4519; x_wconf 89' lang='lat' dir='ltr'><strong>neque</strong></span> <span class='ocrx_word' id='word_1_303' title='bbox 670 4448 689 4492; x_wconf 93' lang='lat' dir='ltr'><strong>a</strong></span> <span class='ocrx_word' id='word_1_304' title='bbox 712 4449 764 4495; x_wconf 88' lang='lat' dir='ltr'><strong>me</strong></span> <span class='ocrx_word' id='word_1_305' title='bbox 788 4433 971 4494; x_wconf 90' lang='lat' dir='ltr'><strong>memorato</strong></span> <span class='ocrx_word' id='word_1_306' title='bbox 995 4423 1149 4518; x_wconf 88' lang='lat' dir='ltr'><strong>stephano</strong></span> <span class='ocrx_word' id='word_1_307' title='bbox 1173 4448 1238 4496; x_wconf 84' lang='lat' dir='ltr'><strong>una</strong></span> <span class='ocrx_word' id='word_1_308' title='bbox 1263 4449 1338 4496; x_wconf 90' lang='lat' dir='ltr'><strong>cum</strong></span> <span class='ocrx_word' id='word_1_309' title='bbox 1355 4449 1514 4499; x_wconf 88' lang='lat' dir='ltr'><strong>consensu</strong></span> <span class='ocrx_word' id='word_1_310' title='bbox 1532 4439 1565 4500; x_wconf 90' lang='lat' dir='ltr'><strong>et</strong></span> <span class='ocrx_word' id='word_1_311' title='bbox 1579 4432 1743 4504; x_wconf 87' lang='lat' dir='ltr'><strong>voluntate</strong></span> 
     </span>
     <span class='ocr_line' id='line_1_30' title="bbox 331 4549 1748 4647; baseline 0.007 -27"><span class='ocrx_word' id='word_1_312' title='bbox 331 4552 502 4622; x_wconf 86' lang='lat' dir='ltr'><strong>memorati</strong></span> <span class='ocrx_word' id='word_1_313' title='bbox 526 4551 611 4621; x_wconf 92' lang='lat' dir='ltr'><strong>leoni</strong></span> <span class='ocrx_word' id='word_1_314' title='bbox 644 4561 677 4619; x_wconf 88' lang='lat' dir='ltr'><strong>et</strong></span> <span class='ocrx_word' id='word_1_315' title='bbox 700 4549 833 4618; x_wconf 90' lang='lat' dir='ltr'><strong>iohanni</strong></span> <span class='ocrx_word' id='word_1_316' title='bbox 856 4549 977 4619; x_wconf 92' lang='lat' dir='ltr'><strong>uterini</strong></span> <span class='ocrx_word' id='word_1_317' title='bbox 1001 4551 1148 4644; x_wconf 84' lang='lat' dir='ltr'><strong>germani</strong></span> <span class='ocrx_word' id='word_1_318' title='bbox 1172 4549 1238 4620; x_wconf 87' lang='lat' dir='ltr'><strong>mei</strong></span> <span class='ocrx_word' id='word_1_319' title='bbox 1262 4576 1367 4647; x_wconf 91' lang='lat' dir='ltr'><strong>neque</strong></span> <span class='ocrx_word' id='word_1_320' title='bbox 1392 4580 1410 4623; x_wconf 90' lang='lat' dir='ltr'><strong>a</strong></span> <span class='ocrx_word' id='word_1_321' title='bbox 1434 4557 1552 4628; x_wconf 89' lang='lat' dir='ltr'><strong>nostris</strong></span> <span class='ocrx_word' id='word_1_322' title='bbox 1576 4557 1748 4644; x_wconf 75' lang='lat' dir='ltr'><strong>heredibus</strong></span> 
     </span>
     <span class='ocr_line' id='line_1_31' title="bbox 333 4676 1747 4774; baseline 0.006 -28"><span class='ocrx_word' id='word_1_323' title='bbox 333 4701 392 4748; x_wconf 86' lang='lat' dir='ltr'><strong>nee</strong></span> <span class='ocrx_word' id='word_1_324' title='bbox 417 4701 435 4744; x_wconf 87' lang='lat' dir='ltr'><strong>a</strong></span> <span class='ocrx_word' id='word_1_325' title='bbox 459 4676 553 4746; x_wconf 89' lang='lat' dir='ltr'><strong>nobis</strong></span> <span class='ocrx_word' id='word_1_326' title='bbox 577 4679 722 4774; x_wconf 89' lang='lat' dir='ltr'><strong>personis</strong></span> <span class='ocrx_word' id='word_1_327' title='bbox 745 4679 926 4748; x_wconf 89' lang='lat' dir='ltr'><strong>summissis</strong></span> <span class='ocrx_word' id='word_1_328' title='bbox 948 4679 1042 4748; x_wconf 91' lang='lat' dir='ltr'><strong>nullo</strong></span> <span class='ocrx_word' id='word_1_329' title='bbox 1065 4687 1210 4772; x_wconf 87' lang='lat' dir='ltr'><strong>tempore</strong></span> <span class='ocrx_word' id='word_1_330' title='bbox 1234 4702 1413 4774; x_wconf 90' lang='lat' dir='ltr'><strong>numquam</strong></span> <span class='ocrx_word' id='word_1_331' title='bbox 1429 4691 1467 4753; x_wconf 91' lang='lat' dir='ltr'><strong>tu</strong></span> <span class='ocrx_word' id='word_1_332' title='bbox 1481 4692 1661 4753; x_wconf 89' lang='lat' dir='ltr'><strong>memorato</strong></span> <span class='ocrx_word' id='word_1_333' title='bbox 1677 4695 1747 4754; x_wconf 90' lang='lat' dir='ltr'><strong>ste-</strong></span> 
     </span>
     <span class='ocr_line' id='line_1_32' title="bbox 335 4799 1756 4900; baseline 0.01 -32"><span class='ocrx_word' id='word_1_334' title='bbox 335 4799 441 4892; x_wconf 90' lang='lat' dir='ltr'><strong>phano</strong></span> <span class='ocrx_word' id='word_1_335' title='bbox 465 4799 600 4872; x_wconf 84' lang='lat' dir='ltr'><strong>terrario</strong></span> <span class='ocrx_word' id='word_1_336' title='bbox 625 4799 678 4869; x_wconf 90' lang='lat' dir='ltr'><strong>cui</strong></span> <span class='ocrx_word' id='word_1_337' title='bbox 702 4823 799 4892; x_wconf 88' lang='lat' dir='ltr'><strong>supra</strong></span> <span class='ocrx_word' id='word_1_338' title='bbox 821 4823 941 4870; x_wconf 91' lang='lat' dir='ltr'><strong>nomen</strong></span> <span class='ocrx_word' id='word_1_339' title='bbox 965 4799 1068 4870; x_wconf 88' lang='lat' dir='ltr'><strong>latitio</strong></span> <span class='ocrx_word' id='word_1_340' title='bbox 1089 4811 1145 4870; x_wconf 91' lang='lat' dir='ltr'><strong>aut</strong></span> <span class='ocrx_word' id='word_1_341' title='bbox 1161 4801 1224 4870; x_wconf 87' lang='lat' dir='ltr'><strong>tuis</strong></span> <span class='ocrx_word' id='word_1_342' title='bbox 1238 4801 1410 4875; x_wconf 88' lang='lat' dir='ltr'><strong>heredibus</strong></span> <span class='ocrx_word' id='word_1_343' title='bbox 1426 4806 1515 4900; x_wconf 91' lang='lat' dir='ltr'><strong>quod</strong></span> <span class='ocrx_word' id='word_1_344' title='bbox 1530 4805 1612 4877; x_wconf 92' lang='lat' dir='ltr'><strong>absit</strong></span> <span class='ocrx_word' id='word_1_345' title='bbox 1637 4809 1756 4882; x_wconf 89' lang='lat' dir='ltr'><strong>abeatis</strong></span> 
     </span>
     <span class='ocr_line' id='line_1_33' title="bbox 333 4922 1755 5026; baseline 0.006 -30"><span class='ocrx_word' id='word_1_346' title='bbox 333 4924 447 5000; x_wconf 86' lang='lat' dir='ltr'><strong>exinde</strong></span> <span class='ocrx_word' id='word_1_347' title='bbox 473 4922 646 5026; x_wconf 87' lang='lat' dir='ltr'><strong>aliquando</strong></span> <span class='ocrx_word' id='word_1_348' title='bbox 671 4946 877 5020; x_wconf 88' lang='lat' dir='ltr'><strong>quacumque</strong></span> <span class='ocrx_word' id='word_1_349' title='bbox 902 4923 1144 5018; x_wconf 86' lang='lat' dir='ltr'><strong>requisitionem</strong></span> <span class='ocrx_word' id='word_1_350' title='bbox 1171 4934 1226 4995; x_wconf 92' lang='lat' dir='ltr'><strong>aut</strong></span> <span class='ocrx_word' id='word_1_351' title='bbox 1249 4923 1430 4995; x_wconf 84' lang='lat' dir='ltr'><strong>molestiam</strong></span> <span class='ocrx_word' id='word_1_352' title='bbox 1452 4951 1510 5022; x_wconf 90' lang='lat' dir='ltr'><strong>per</strong></span> <span class='ocrx_word' id='word_1_353' title='bbox 1526 4929 1652 5002; x_wconf 88' lang='lat' dir='ltr'><strong>nullum</strong></span> <span class='ocrx_word' id='word_1_354' title='bbox 1678 4955 1755 5004; x_wconf 76' lang='grc' dir='ltr'><strong>ωο-</strong></span> 
     </span>
    </p>
   </div>
   <div class='ocr_carea' id='block_1_5' title="bbox 0 0 2480 6516">
    <p class='ocr_par' dir='ltr' id='par_1_6' title="bbox 0 0 2480 6516">
     <span class='ocr_line' id='line_1_34' title="bbox 0 0 2480 6516; baseline 0 0"><span class='ocrx_word' id='word_1_355' title='bbox 0 0 2480 6516; x_wconf 95' lang='lat' dir='ltr'><strong> </strong></span> 
     </span>
    </p>
   </div>
  </div>
 </body>
</html>
