4876 6520
357 1147 448 1242 †ln
469 1147 600 1216 nomine
623 1144 746 1217 domini
769 1145 870 1216 nostri
893 1143 987 1216 ibesn
1009 1142 1132 1214 christi.
1156 1149 1273 1239 quarto
1297 1166 1382 1215 anno
1405 1141 1603 1236 principatus
1618 1145 1683 1215 do·
1758 1172 1810 1218 an.

266 1271 347 1345 mini
361 1267 548 1346 Laudenolfi
562 1267 694 1362 gloriosi
709 1266 862 1362 principis
877 1289 986 1338 mense
1001 1267 1111 1358 magio
1126 1277 1241 1360 quarta
1256 1266 1379 1338 decima
1394 1268 1576 1340 indictione.
1592 1269 1685 1339 ldeo·
1736 1282 1822 1346 986.

265 1419 367 1492 quem
388 1418 448 1468 nos
472 1393 579 1466 aluam
602 1391 724 1464 domini
747 1393 850 1486 gratia
873 1391 1060 1485 principissa
1075 1391 1186 1462 relicta
1205 1393 1289 1462 bone
1305 1393 1460 1464 memorie
1476 1393 1599 1462 domini
1614 1395 1685 1488 pal-

267 1521 344 1594 dolii
366 1520 502 1614 gloriosi
516 1519 668 1612 principis
684 1517 796 1588 attilia
815 1513 981 1586 cuiusdam
997 1515 1090 1610 petri.
1106 1517 1242 1586 oomitis.
1266 1517 1338 1586 Una
1353 1539 1428 1586 cum
1442 1537 1630 1588 consensum
1653 1529 1687 1591 et

266 1645 444 1718 bolumtate
466 1643 639 1736 supradicti
661 1641 831 1714 landenolfi
846 1642 999 1735 principis
1022 1651 1056 1710 et
1074 1640 1177 1734 gisolfi
1194 1643 1354 1734 germanis
1369 1643 1442 1714 filiis
1465 1655 1499 1716 et
1521 1645 1686 1718 mundoalt

267 1770 360 1844 nur.
385 1771 584 1863 inquorum
608 1767 778 1839 mundium
801 1787 869 1837 esse
900 1787 1049 1858 agnosco.
1074 1773 1206 1836 etcum
1229 1788 1343 1835 eorum
1368 1765 1555 1840 bolumtate.
1587 1793 1686 1864 quam

268 1903 301 1964 et
324 1915 385 1984 pro
407 1891 554 1962 mercede
577 1897 610 1960 ot
633 1887 807 1960 salbationo
831 1887 938 1960 anima
960 1887 1134 1980 supradicti
1157 1886 1281 1958 domini
1301 1887 1430 1981 paldolli
1447 1891 1577 1981 gloriosi
1592 1894 1684 1985 prin-

268 2013 349 2106 cipis
372 2009 445 2084 viro
468 2033 551 2082 meo.
575 2019 608 2082 at
630 2031 692 2104 pro
715 2011 861 2083 mercede
885 2021 918 2082 et
939 2009 1136 2084 redemtione
1160 2011 1266 2081 urimo
1289 2009 1374 2082 bone
1388 2013 1544 2084 memorie
1556 2015 1685 2106 paldolli

269 2139 422 2234 principis
444 2137 632 2210 salernitano
655 2137 776 2210 cibitati
798 2139 865 2210 lilio
880 2161 964 2210 mco.
990 2147 1022 2210 et
1036 2161 1096 2232 pro
1111 2139 1268 2212 mercede.
1284 2148 1317 2212 et
1330 2139 1504 2211 salbatione
1521 2139 1687 2210 animabus

270 2261 400 2334 landolfi
423 2261 575 2356 principis
598 2270 631 2331 et
654 2261 782 2339 atenolfi
804 2261 999 2334 marchionis
1021 2261 1095 2334 liliis
1117 2261 1208 2334 meis.
1233 2269 1266 2332 et
1279 2284 1340 2354 pro
1356 2273 1463 2333 nostra
1490 2262 1605 2332 anima.
1629 2286 1687 2355 per

272 2386 357 2458 banc
379 2383 500 2456 cartula
522 2407 581 2456 nos
604 2384 662 2480 qui
684 2407 782 2478 supra
805 2383 914 2458 aloara
936 2383 1133 2478 principissa.
1160 2405 1236 2454 curu
1264 2381 1439 2454 bolumtate
1469 2383 1687 2475 predictorum

272 2509 443 2582 landenolfi
457 2509 611 2604 principis
627 2521 660 2580 et
674 2509 779 2602 gisolfi
800 2509 859 2582 filii
875 2517 908 2580 et
923 2509 1092 2578 mundoalt
1114 2507 1207 2576 meis.
1224 2505 1413 2576 offeruimus
1435 2507 1470 2576 in
1493 2509 1687 2579 monasterio

272 2643 385 2704 nostro
407 2633 567 2706 bocabulo
590 2634 691 2705 sancti
714 2633 865 2706 laurentii
898 2639 1082 2704 constructo
1108 2629 1195 2700 intro
1226 2627 1310 2700 hanc
1336 2638 1445 2700 nostra
1477 2653 1618 2725 capuana
1640 2635 1687 2704 ci·
1738 2653 1741 2660 ⁴

272 2757 386 2830 bitate.
411 2757 495 2828 iusta
518 2765 613 2849 porta
634 2779 700 2854 quo
724 2755 843 2826 dieitur
864 2777 1019 2848 capuana.
1037 2775 1135 2849 quem
1151 2755 1352 2848 supradictus
1367 2756 1516 2828 domium
1530 2757 1687 2850 paldolfus

273 2882 423 2978 princeps
446 2883 519 2954 uiro
542 2905 617 2954 mco
631 2907 650 2952 a
665 2881 753 2954 nobo
766 2881 953 2954 trmdamine
968 2880 1132 2954 inchoabit
1145 2882 1262 2953 lacere.
1288 2891 1321 2952 et
1345 2905 1403 2952 nos
1417 2881 1489 2952 illos
1513 2883 1686 2954 auxiliante

274 3007 408 3080 domino
430 3005 664 3100 complebimus
687 3003 745 3077 ubi
769 3003 918 3080 dominus
942 3005 1073 3078 iacobus
1099 3003 1290 3075 venerabilis
1323 3003 1419 3078 abbas
1450 3025 1519 3076 esse
1549 3003 1686 3076 bidetnr.

273 3133 403 3207 offeruit
425 3133 536 3227 itaque
559 3131 680 3204 ibidem
704 3132 836 3204 ecclesia
859 3155 931 3204 mea
955 3130 1073 3224 quibus
1094 3153 1180 3200 nnnc
1196 3129 1349 3202 distructa
1364 3138 1411 3200 est
1430 3142 1463 3199 et
1478 3139 1527 3200 est
1541 3131 1686 3202 edificata

273 3257 309 3328 in
333 3255 475 3349 propriis
491 3253 662 3323 territoriis
677 3255 805 3323 nostris.
829 3251 912 3322 iusta
937 3273 1024 3344 aqna
1048 3253 1088 3322 de
1102 3251 1172 3320 laco
1188 3260 1297 3322 nostro
1313 3275 1379 3346 que
1395 3253 1513 3324 dieitur
1528 3255 1686 3346 patriense

272 3379 327 3450 cui
351 3374 512 3448 bocabnlo
535 3373 641 3446 eidem
665 3373 797 3445 ecclesie
820 3371 950 3446 bidetur
982 3398 1050 3448 esso
1081 3373 1172 3448 beato
1199 3375 1361 3448 lurtonate
1385 3399 1460 3450 cum
1482 3377 1598 3470 biginti
1621 3389 1687 3448 tras

272 3501 381 3576 modia
402 3503 446 3572 de
469 3510 555 3570 terra
578 3500 814 3576 circumdantes
837 3503 948 3572 eadem
972 3501 1114 3572 eeclesia.
1136 3499 1270 3570 lnaimnl
1287 3523 1363 3572 cum
1377 3525 1461 3595 aqua
1475 3505 1516 3574 de
1531 3527 1603 3574 crea
1620 3528 1685 3597 que

273 3627 393 3698 dicitur
416 3623 628 3694 montebibus.
654 3645 714 3694 seu
737 3631 770 3691 et
793 3623 983 3694 offeruimus
1015 3623 1049 3694 in
1072 3622 1195 3714 prelato
1217 3625 1414 3693 monasterio
1437 3624 1551 3716 biginti
1578 3627 1686 3698 modia

273 3755 312 3826 da
347 3761 432 3822 terra
464 3753 505 3822 de
538 3751 616 3844 ipsis
647 3751 819 3822 territoriis
845 3750 971 3822 nostris.
1006 3751 1047 3822 de
1070 3751 1190 3844 gualdo
1214 3749 1271 3819 illo
1296 3771 1361 3842 que
1384 3749 1503 3824 dicitur
1526 3751 1685 3842 patriensa

272 3879 356 3950 intra
381 3877 459 3950 fines
483 3876 523 3944 de
547 3875 642 3945 terris
665 3877 782 3948 nostris
797 3877 1040 3946 circumdantes.
1060 3877 1103 3946 ad
1117 3894 1276 3966 exagoma
1298 3895 1434 3966 granum
1458 3873 1684 3948 seminationis.

273 4005 350 4078 ldeo
386 3999 568 4092 supradicta
598 3998 731 4068 ecclesia
763 4008 871 4068 sancto
894 4001 1053 4070 lurtonato
1076 4021 1151 4068 cnm
1174 3999 1326 4092 predictis
1349 3999 1464 4092 biginti
1487 4011 1552 4072 tres
1575 4003 1685 4074 modia

276 4131 316 4202 de
341 4137 427 4198 terra
450 4125 684 4198 circumdantes
717 4125 860 4218 predicta
893 4125 1026 4200 ecclesia
1058 4125 1189 4198 insimul
1217 4148 1292 4197 cum
1315 4125 1381 4198 iarn
1406 4125 1489 4200 dicta
1512 4149 1596 4222 aqua
1620 4150 1684 4222 qua

276 4254 395 4326 dicitur
419 4248 460 4320 dc
484 4273 560 4320 crea
582 4249 639 4319 ubi
663 4249 782 4322 dicitur
804 4247 1003 4322 montebibu.
1038 4271 1095 4322 scu
1119 4259 1152 4320 et
1179 4251 1243 4326 alia
1266 4251 1379 4344 biginti
1403 4249 1511 4322 modia
1534 4252 1573 4322 de
1598 4259 1683 4320 terra

277 4381 317 4452 de
341 4378 418 4470 ipsis
443 4376 537 4446 terris
560 4375 678 4448 uostris
701 4373 741 4446 dc
761 4373 848 4466 ipsos
863 4374 981 4465 gualdo
995 4396 1059 4467 que
1075 4375 1191 4448 dicitnr
1206 4377 1375 4471 patriense.
1399 4379 1470 4448 Una
1484 4399 1560 4448 cum
1575 4377 1684 4449 omnia

277 4503 363 4572 intro
388 4499 554 4572 abentibus
577 4497 688 4570 subter
710 4505 743 4568 et
765 4519 863 4590 snper
888 4509 920 4576 at
943 4521 1018 4574 cum
1041 4498 1104 4574 biis
1126 4499 1190 4576 suis
1213 4498 1336 4572 ibidem
1355 4499 1494 4574 intrandi
1509 4509 1542 4572 et
1556 4499 1684 4578 exiendi

279 4625 314 4696 in
336 4625 463 4716 prelato
487 4631 597 4698 sancto
629 4621 824 4696 monasterio
857 4623 1001 4697 dedimus
1034 4623 1138 4717 adque
1171 4623 1358 4702 offeruimus
1390 4626 1430 4700 ad
1453 4625 1683 4718 possessiouem

277 4747 383 4818 eidem
405 4745 507 4816 nostri
530 4744 714 4820 monasterii
738 4756 771 4819 et
794 4747 834 4816 de
859 4746 991 4841 eiusque
1015 4743 1181 4820 abbatibus
1204 4749 1255 4820 val
1277 4747 1456 4824 rectoribus
1478 4745 1536 4842 qui
1551 4769 1609 4840 per
1622 4765 1682 4820 nos
1757 4767 1763 4778 ’

276 4871 398 4950 ibidem
421 4869 559 4946 ordinati
582 4871 716 4950 fuerint.
742 4874 782 4950 ud
805 4873 965 4948 abeudum
989 4881 1021 4948 et
1044 4874 1271 4969 metuendum
1295 4885 1327 4954 et
1354 4871 1535 4948 fouendum
1558 4877 1683 4964 partem

377 4992 442 5068 sut.
464 4992 531 5066 ΙΙΙ.
1324 5005 1345 5066 9
1519 5043 1524 5046 -
