4906 6520
1376 675 1522 772 (ne)

742 869 838 940 super
863 844 1000 939 legitur:
1025 845 1156 936 insuper
1179 842 1267 913 stetit
1289 839 1382 912 nobis
1405 847 1443 910 ut
1465 839 1493 908 si
1517 857 1576 909 nos
1593 844 1627 906 et
1641 834 1813 906 heredibus
1836 836 1956 908 nostris
1981 835 2075 909 vobis
2102 863 2164 910 ve·

743 972 881 1067 surisque
905 971 1042 1064 posteris
1066 979 1099 1040 et
1114 969 1149 1040 in
1164 977 1342 1038 memorate
1364 973 1472 1038 senode
1492 973 1525 1036 et
1537 959 1734 1036 venerabilia
1757 972 1863 1034 vestre
1887 964 2082 1036 monasterie
2098 989 2163 1038 non

743 1094 965 1167 adduxerimus
988 1091 1139 1164 omnibns
1161 1090 1348 1163 memoretis
1379 1099 1417 1160 nt
1440 1111 1536 1182 snper
1559 1086 1679 1180 legitur
1701 1093 1775 1178 post
1797 1084 1866 1156 dies
1889 1095 1965 1156 oebo
1989 1084 2030 1156 de
2052 1099 2161 1158 sancte

742 1222 845 1292 merie
870 1219 911 1290 de
934 1227 1072 1313 angusto
1094 1237 1205 1287 mense
1229 1224 1261 1285 et
1284 1237 1342 1285 vos
1365 1223 1399 1286 et
1421 1213 1559 1308 posteris
1587 1209 1702 1283 restris
1725 1211 1826 1283 illunc
1850 1221 1883 1280 et
1906 1211 2157 1306 pignorandum.

742 1345 896 1415 veneritis
920 1351 996 1412 tuno
1020 1362 1079 1412 nos
1103 1349 1136 1411 et
1158 1337 1332 1411 heredibus
1363 1337 1481 1410 nostris
1505 1337 1597 1409 vobis
1623 1336 1801 1432 vestrisque
1826 1338 1965 1430 posteris
1989 1349 2023 1410 et
2045 1349 2078 1409 et
2101 1364 2162 1411 oe·

742 1465 835 1538 bellis
857 1465 973 1536 vestris
996 1463 1189 1538 mnnduoure
1212 1473 1246 1536 et
1269 1463 1380 1536 uiuere
1404 1461 1481 1536 dare
1503 1459 1676 1534 debeamus
1698 1460 1864 1556 quomodo
1889 1461 2012 1534 imum
2035 1465 2158 1535 fueris:

741 1591 818 1688 quin
841 1590 887 1661 ite
910 1589 1005 1662 nobis
1028 1587 1174 1686 pbonits
1200 1587 1236 1659 Si
1259 1595 1367 1660 nutem
1389 1609 1450 1660 nos
1470 1598 1526 1664 eut
1539 1566 1713 1662 heredibus
1735 1587 1854 1662 uostris
1869 1587 1965 1662 obiter
1989 1590 2160 1664 ieoerimuss

741 1718 781 1790 de
804 1715 856 1788 bis
878 1715 1031 1786 omnibus
1052 1713 1241 1786 memoretis
1272 1721 1310 1786 ut
1336 1735 1433 1810 super
1456 1713 1575 1809 legitur
1599 1736 1657 1808 per
1681 1713 1800 1809 quobis
1824 1714 1960 1787 modum
1984 1727 2041 1788 nur
2065 1741 2161 1790 snm-

742 1843 848 1916 missis
871 1842 1016 1938 personis
1039 1827 1118 1914 tuno
1141 1842 1353 1936 oonpnnimus
1383 1841 1476 1915 vobis
1497 1840 1700 1938 posterisque
1723 1841 1839 1914 restris
1864 1843 1935 1914 nuri
1959 1843 2079 1918 solidos
2103 1848 2160 1917 vi-

741 1970 824 2066 ginti
847 1969 1053 2064 bytbinnwos
1068 1977 1101 2038 et
1116 1993 1153 2039 eo
1168 1968 1314 2042 eberburde
1336 1967 1560 2064 promissionis
1575 1977 1612 2040 ut
1627 1990 1724 2063 snper
1740 1967 1861 2062 legitur
1876 1969 1919 2040 sit
1934 1969 2026 2044 firme
2040 1975 2160 2068 scripu

742 2119 801 2193 per
824 2105 1002 2168 memorate
1024 2094 1199 2168 indictione
1223 2093 1254 2188 †

666 2322 670 2333 Ι
836 2223 899 2296 boo
922 2223 1052 2317 signum
1075 2219 1106 2315 †
1129 2245 1243 2296 munus
1266 2231 1449 2296 memorato
1471 2235 1613 2294 ammoto
1638 2232 1670 2298 et
1693 2225 1802 2319 sergio
1822 2223 1886 2298 boo
1900 2237 1949 2300 est
1965 2227 2107 2320 genitori
2129 2241 2161 2300 et

742 2353 809 2424 filio
832 2363 899 2426 tam
924 2373 984 2443 pro
1007 2351 1079 2422 vioe
1102 2373 1218 2424 eorum
1241 2361 1274 2422 et
1296 2374 1357 2446 pro
1381 2351 1453 2425 viee
1476 2350 1626 2426 iohannis
1650 2353 1719 2426 fibo
1744 2363 1776 2424 er
1799 2375 1956 2448 germano
1971 2358 2160 2452 eorumqui

700 2495 708 2506 ·
740 2475 867 2548 ireneus
890 2483 938 2544 est
962 2473 1051 2568 quod
1075 2495 1138 2566 ego
1161 2473 1220 2568 qui
1242 2483 1439 2546 memoratos
1462 2476 1504 2546 eb
1527 2478 1574 2548 eis
1597 2487 1730 2572 rogetus
1745 2501 1806 2572 pro
1822 2479 1869 2550 eis
1893 2480 2113 2580 subscripsi†

836 2595 867 2693 †
890 2617 953 2689 ego
975 2595 1101 2691 sergius
1124 2595 1210 2668 iilius
1233 2597 1359 2670 domini
1382 2599 1526 2693 gregorii
1551 2601 1623 2672 usu
1647 2601 1822 2697 subscripsi
1846 2602 1877 2698 †

783 2795 787 2806 ,
835 2719 866 2814 †
890 2743 953 2816 ego
976 2720 1146 2814 gregorius
1170 2721 1254 2792 filius
1278 2720 1401 2794 domini
1425 2722 1524 2817 sergii
1548 2725 1621 2796 testi
1645 2725 1818 2822 subscripsi
1840 2725 1871 2822 †

833 2849 976 2942 †nro
1008 2856 1279 2922 rnnromore
1313 2857 1488 2924 ‹nrnrorc
1519 2819 1589 2924 bi
1610 2823 1672 2922 132*
1698 2857 1822 2922 nncnr
1857 2827 2021 2945 o‘onb†

832 2975 864 3070 †
886 2976 957 3074 Ego
980 2975 1137 3050 iohannes
1160 2975 1296 3050 Curidis
1323 2977 1490 3072 Compievi
1514 2987 1547 3052 et
1571 2977 1696 3050 absolvi
1711 3001 1769 3072 per
1786 2990 1964 3052 memorate
1979 2983 2090 3077 quinte
2109 2984 2160 3055 in-

738 3105 877 3180 dictione
900 3101 931 3200 †
1474 3117 1478 3122 ’
