4876 6520
871 629 887 718 (
914 633 953 695 ⁷¹
977 625 989 721 l

218 789 281 859 rati
305 788 489 858 monasterii
505 783 619 857 demus
644 786 719 857 inde
742 793 863 857 sortem
885 807 984 856 unam
1007 791 1133 879 quaest
1148 793 1296 879 quartam
1317 793 1449 879 partem.
1466 797 1498 856 et
1514 789 1637 882 integra

219 913 320 1006 ipsam
343 920 464 982 sortem
477 911 650 981 memorati
664 909 850 980 monasterii
866 909 905 980 de
922 909 992 1002 ipso
1006 909 1195 981 bictualium
1212 919 1244 982 et
1259 910 1364 982 linum
1388 921 1421 984 et
1444 911 1558 983 binum
1574 937 1639 1006 que

219 1057 332 1106 eorum
347 1033 466 1105 exinde
481 1057 500 1103 a
514 1057 574 1105 nos
589 1035 624 1104 in
647 1045 735 1105 sorte
758 1034 886 1106 benerit
900 1055 960 1103 noa
984 1031 1155 1106 debeamus
1179 1036 1264 1127 ipses
1289 1035 1469 1106 annualiter
1492 1045 1638 1128 tempore

219 1185 279 1234 suo
294 1183 370 1234 eum
392 1155 539 1234 nostrum
562 1163 732 1256 spondium
755 1162 913 1233 adducere
936 1161 1023 1232 intro
1037 1163 1217 1257 predictum
1233 1165 1472 1234 monasterium.
1489 1165 1529 1233 ad
1544 1171 1639 1257 pote·

219 1296 299 1360 state
314 1309 436 1358 eorum
460 1289 502 1358 Et
524 1289 655 1382 quomo
677 1287 862 1358 benerimus
886 1289 948 1382 ipsi
972 1287 1076 1358 labori
1091 1288 1130 1358 de
1146 1289 1212 1358 iam
1227 1289 1345 1358 dictam
1360 1291 1480 1383 petiam
1496 1288 1535 1358 dc
1552 1297 1637 1358 terra

220 1414 399 1486 annualiter
422 1414 462 1484 ad
485 1417 671 1486 metendum
695 1423 728 1487 et
750 1413 967 1487 triturantium
983 1422 1016 1484 et
1030 1413 1232 1508 religandum
1256 1423 1288 1484 et
1302 1415 1565 1485 bindemiandum
1589 1415 1638 1484 la·

222 1540 345 1612 ciamus
369 1539 411 1611 ad
433 1549 559 1635 partem
580 1541 754 1612 memorati
777 1539 964 1610 monasterii
988 1539 1074 1630 ipsos
1096 1539 1180 1608 scire
1208 1545 1246 1609 ut
1268 1559 1342 1631 pers
1364 1539 1535 1609 memorati
1558 1561 1638 1609 mo-

221 1663 352 1734 nasterii
375 1661 506 1733 mandet
528 1662 605 1734 illuc
627 1663 763 1734 missum
785 1683 882 1733 suum
906 1661 947 1732 ad
969 1673 1088 1732 sortem
1112 1683 1203 1732 suam
1221 1661 1478 1754 conspiciendam
1501 1671 1534 1733 et
1557 1662 1636 1734 dum

222 1788 291 1882 ipse
314 1787 414 1858 misso
437 1787 608 1858 memorati
639 1787 827 1857 monasterii
850 1785 896 1856 ibi
919 1808 979 1879 per
1001 1785 1076 1856 talia
1099 1786 1198 1857 luerit
1220 1807 1281 1856 nos
1304 1787 1334 1855 ei
1360 1786 1471 1856 demus
1494 1789 1638 1858 mandu-

223 1933 296 1982 care
319 1921 352 1980 et
375 1909 486 1978 bibere
511 1909 596 1979 iuste
623 1907 761 1979 hordine
787 1910 965 1980 seeundum
991 1915 1134 1979 nostram
1159 1895 1347 2001 potentiam.
1380 1909 1487 1993 Quam
1519 1918 1552 1978 et
1582 1913 1640 1984 di-

222 2037 328 2108 mittat
360 2057 419 2107 nos
454 2043 564 2106 tenere
587 2036 623 2107 in
645 2035 839 2108 beneficium
874 2036 950 2108 died
971 2057 1075 2108 unum
1109 2037 1256 2109 modium
1276 2037 1316 2108 de
1339 2045 1425 2107 terra
1460 2059 1519 2129 per
1554 2037 1639 2129 passi

223 2161 258 2233 in
288 2161 428 2244 adunatu
458 2160 517 2232 ubi
549 2159 648 2230 modo
679 2159 840 2231 ebitamus
870 2159 928 2255 qui
960 2169 1008 2232 est
1039 2157 1214 2230 coniuncto
1246 2181 1322 2230 cum
1352 2167 1529 2230 memorata
1552 2160 1638 2253 petia

225 2287 265 2358 de
289 2297 375 2359 terre
398 2285 536 2358 habente
561 2287 631 2382 ipse
653 2288 766 2360 modio
796 2288 837 2360 de
868 2295 955 2358 terra
986 2286 1220 2360 rationabiliter
1243 2309 1302 2380 per
1325 2287 1450 2378 singula
1474 2285 1574 2357 latera
1605 2281 1639 2356 in

223 2412 359 2508 longum
381 2435 491 2510 passos
514 2413 649 2507 triginta
672 2425 705 2485 et
727 2436 786 2509 per
808 2415 936 2509 singula
959 2417 1063 2509 capita
1082 2437 1141 2508 per
1155 2415 1335 2484 trabermm
1359 2411 1506 2483 similiter
1529 2433 1639 2502 passos

225 2541 304 2613 alios
327 2541 473 2633 triginta.
498 2537 551 2610 Ad
574 2561 725 2610 mensura
739 2540 779 2611 de
794 2565 889 2634 passu
911 2539 1042 2610 landoni
1066 2539 1185 2609 seniori
1209 2536 1385 2608 castaldum
1407 2546 1636 2608 mensuratum.

225 2671 258 2736 et
281 2663 421 2735 dimittat
443 2685 503 2733 nos
525 2663 561 2734 in
584 2665 765 2756 predictum
788 2662 934 2734 modium
958 2661 998 2732 de
1021 2673 1107 2732 terra
1130 2663 1236 2733 lacere
1259 2669 1292 2731 et
1315 2659 1412 2731 abere
1427 2681 1498 2731 case
1514 2667 1546 2729 et
1565 2684 1638 2730 area

225 2797 258 2859 et
281 2797 356 2860 ertu
378 2795 412 2858 et
433 2789 574 2860 dimittat
595 2809 656 2859 nos
681 2796 715 2857 ct
738 2787 855 2860 nostris
879 2786 1050 2858 heredibus
1076 2785 1199 2857 ibidem
1213 2784 1352 2857 residere
1373 2793 1406 2856 et
1424 2785 1546 2856 abitare
1561 2807 1638 2858 cum

225 2913 346 2986 familia
370 2923 404 2984 et
427 2911 576 2983 animalia
591 2921 626 2982 et
639 2912 749 2982 omnia
771 2933 866 2983 causa
881 2921 990 2984 nostm
1004 2920 1037 2983 ct
1051 2911 1093 2984 de
1107 2911 1203 2982 amici
1219 2917 1252 2980 et
1267 2912 1468 2982 commentiti
1482 2914 1585 2984 nostri
1609 2921 1641 2983 et

226 3039 347 3112 ibidem
371 3044 477 3113 tacere
492 3049 526 3111 et
540 3039 635 3110 abere
659 3061 790 3110 omnem
812 3047 956 3110 nestram
971 3039 1143 3112 utilitatem
1157 3062 1222 3132 que
1238 3037 1332 3109 nobis
1347 3059 1478 3110 necesse
1494 3049 1541 3109 est
1557 3041 1641 3111 iusta

227 3167 361 3237 ratione.
387 3175 419 3236 et
434 3187 545 3237 omnes
567 3165 711 3256 frugium
726 3167 814 3258 quod
831 3165 925 3234 nobis
945 3165 1024 3232 deus
1039 3162 1220 3232 annualiter
1232 3160 1354 3232 dederit
1369 3162 1410 3234 de
1424 3173 1641 3236 memoratum

226 3292 371 3363 modium
395 3291 544 3360 deterre
569 3298 678 3358 nostre
710 3289 774 3360 sint
803 3287 969 3382 potestatis
1000 3287 1138 3362 faciendi
1168 3309 1233 3384 que
1255 3285 1464 3362 voluerimus.
1489 3291 1575 3362 unde
1600 3292 1640 3362 ad

227 3425 351 3510 partem
374 3415 545 3488 memorati
567 3415 755 3486 monasterii
777 3423 898 3486 sortem
931 3413 1007 3485 dare
1034 3439 1101 3488 non
1129 3415 1314 3487 debeamus.
1339 3419 1567 3488 tantumdem
1593 3417 1640 3486 ibi

225 3540 453 3612 abitaberimus
476 3539 657 3612 annualiter
681 3541 854 3614 debeamus
869 3539 1028 3615 adducere
1042 3551 1076 3612 et
1090 3541 1167 3612 dare
1186 3541 1226 3612 ad
1239 3553 1365 3636 partem
1380 3543 1553 3613 memorati
1569 3564 1641 3613 mo-

225 3667 366 3737 nasterii.
392 3666 433 3736 ad
456 3687 570 3736 eorum
593 3673 785 3758 potestatem
816 3664 904 3737 intro
934 3665 1130 3736 monasterio
1152 3665 1253 3736 sancti
1276 3665 1435 3735 benedieti
1458 3661 1575 3733 maiori
1599 3663 1639 3732 de

224 3793 311 3863 intro
333 3790 417 3860 bane
439 3791 621 3883 kapnanam
644 3789 810 3860 cibitatem
832 3811 893 3882 pro
917 3791 1097 3884 predictum
1120 3789 1257 3862 landum
1280 3797 1313 3859 et
1337 3797 1438 3858 terras
1461 3789 1496 3858 in
1521 3791 1640 3862 natibi-

224 3923 291 3984 tate
315 3911 438 3984 domini
461 3933 542 3982 auro
565 3921 634 3982 tere
658 3912 783 3982 bonum
805 3930 909 3982 unum
925 3921 958 3980 et
972 3911 1052 4003 pulli
1065 3911 1144 3982 boni
1159 3913 1286 4004 parium
1301 3933 1417 3982 unum.
1445 3913 1528 3983 etin
1545 3937 1638 4006 pasca

222 4038 348 4110 mucre
370 4035 451 4131 pulli
473 4035 551 4106 boni
573 4035 702 4130 parium
724 4055 840 4106 unum
865 4042 898 4106 et
921 4032 1037 4105 amodo
1052 4043 1085 4105 et
1100 4056 1202 4129 usqne
1225 4035 1261 4106 in
1284 4036 1444 4131 predictos
1464 4037 1580 4130 biginti
1605 4049 1637 4109 et

225 4164 348 4235 nobem
371 4183 471 4232 annos
496 4159 633 4254 espletos
666 4159 735 4254 ipse
767 4161 826 4256 qui
856 4180 954 4252 supra
976 4159 1110 4233 domino
1131 4179 1244 4232 manso
1266 4161 1460 4233 venerabilis
1483 4163 1582 4235 abbas
1606 4174 1639 4236 et

221 4297 368 4384 posterea
391 4307 467 4356 suos
490 4293 523 4355 et
546 4305 620 4377 pars
642 4283 813 4354 memorati
835 4283 1023 4354 monasterii
1045 4281 1191 4354 defendat
1220 4305 1279 4354 nos
1302 4287 1361 4380 qui
1384 4307 1482 4379 supra
1504 4287 1638 4357 iohanni

222 4428 259 4488 et
282 4418 400 4488 fuscari
424 4427 456 4487 et
480 4418 520 4489 ad
543 4417 661 4488 nostris
683 4413 856 4488 heredibus
878 4413 1003 4507 integra
1031 4413 1174 4508 predicta
1195 4415 1282 4509 petia
1304 4417 1345 4488 de
1367 4424 1454 4487 terra
1477 4417 1524 4488 sic
1547 4439 1640 4510 quo-

218 4546 324 4618 modo
348 4545 415 4638 ipsa
440 4541 538 4614 modo
562 4553 708 4616 tenemus
731 4553 764 4613 et
785 4541 968 4615 laboramus
992 4563 1067 4612 enm
1090 4543 1155 4614 iam
1176 4543 1297 4614 dictum
1318 4543 1464 4616 modium
1488 4547 1528 4616 de
1552 4555 1638 4617 terra

219 4667 284 4766 qui
307 4677 355 4738 est
377 4668 548 4738 coniuncto
572 4687 648 4738 eum
670 4674 847 4737 memorata
871 4664 957 4759 petia
981 4665 1021 4738 de
1044 4675 1130 4736 terra
1153 4667 1237 4738 sicut
1260 4667 1402 4740 diximus
1418 4690 1494 4739 cum
1511 4669 1564 4740 bia
1580 4691 1638 4742 sua

202 4795 345 4868 ibidem
367 4793 506 4866 intrandi
531 4801 564 4866 et
586 4793 724 4865 exiendi.
740 4792 781 4866 ab
803 4793 954 4865 omnibus
976 4793 1162 4866 hominibus
1178 4793 1218 4865 ab
1233 4796 1391 4890 omnique
1408 4795 1560 4890 partibus.
1584 4797 1636 4866 Ad

218 4919 420 5014 completum
442 4918 521 4990 bero
543 4925 757 4993 memoratum
780 4918 990 4992 eonstimtum
1015 4925 1071 4990 aut
1085 4920 1114 4990 si
1128 4927 1202 4992 ante
1220 4919 1320 4993 iatum
1343 4919 1551 4993 comtitutum
1573 4944 1633 4994 nes
