4906 6520
917 639 1036 739 (⁹⁵)

864 1006 992 1082 cbristo
1014 1009 1096 1083 fave.

360 1204 454 1301 †ln
484 1208 619 1282 nomine
649 1207 777 1280 domini
806 1207 861 1282 dei
891 1209 1064 1282 salvatoris
1095 1211 1201 1282 nostri
1232 1209 1331 1284 lbesu
1363 1208 1484 1284 Christi
1510 1213 1692 1308 Imperanto
1757 1259 1814 1308 m,

267 1333 401 1408 dondm
423 1341 535 1407 noane
557 1333 672 1408 basilio
693 1357 813 1430 magno
835 1337 1031 1432 Imperatore
1055 1361 1140 1409 anno
1163 1339 1350 1412 tricesimos
1367 1339 1424 1412 sed
1439 1347 1473 1412 et
1486 1343 1690 1414 constantino
1741 1369 1829 1433 990.
1931 1335 1933 1340 ’

266 1481 388 1554 magno
411 1460 609 1556 Imperatore
624 1483 710 1532 anno
725 1461 882 1534 vicesimo
898 1463 1055 1557 septimo:
1070 1463 1124 1536 die
1139 1461 1293 1536 vicesima
1307 1472 1399 1536 sexta
1416 1466 1536 1540 mensis
1550 1465 1692 1540 ianuarii

268 1587 445 1662 indictione
467 1588 563 1662 tertia
584 1588 728 1683 puteoli:
750 1590 841 1663 Dum
862 1590 953 1663 venit
966 1597 1000 1660 at
1014 1611 1111 1662 mum
1126 1589 1256 1662 obitum
1272 1591 1437 1687 quondam
1451 1593 1607 1689 eupraxia
1624 1593 1692 1668 iilia

268 1713 435 1808 quondam
464 1711 617 1785 iobannis
638 1713 679 1786 de
702 1735 869 1786 erasmum
893 1714 934 1784 de
964 1719 1146 1784 memorato
1177 1719 1283 1784 castro
1314 1736 1379 1785 una
1413 1737 1491 1786 cum
1522 1715 1689 1792 uoluntate

268 1836 404 1912 iohanni
435 1839 510 1913 viro
539 1857 601 1914 suo
630 1840 789 1935 disposuit
817 1839 912 1912 nobis
942 1839 1095 1912 videlicet
1117 1837 1252 1912 iohanni
1274 1839 1452 1934 presbitero
1484 1843 1544 1937 qni
1575 1846 1691 1917 nomi-

269 1971 367 2036 natur
389 1963 518 2036 turrillo
549 1974 584 2038 et
609 1966 763 2060 gregorio
785 1965 854 2038 tilio
877 1967 1043 2062 quondam
1064 1965 1224 2040 benedicti
1247 1965 1426 2061 primicerii
1448 1967 1489 2040 de
1512 1980 1692 2044 memorato

268 2095 375 2160 castro
395 2095 434 2160 ut
455 2087 484 2160 si
505 2087 679 2164 heredibus
701 2089 769 2162 suis
791 2099 943 2162 mortuus
965 2090 1067 2162 fueris
1090 2090 1160 2164 sine
1193 2089 1364 2186 proprium
1392 2089 1547 2164 heredem
1569 2099 1603 2164 et
1625 2115 1693 2168 non

269 2212 368 2286 tuerit
397 2211 457 2309 qui
488 2210 670 2286 bereditent
700 2237 799 2288 omne
828 2215 962 2287 illorum
991 2213 1168 2288 hereditate
1198 2235 1257 2288 seu
1287 2215 1464 2286 substantia
1487 2217 1528 2289 de
1550 2217 1638 2292 intus
1660 2227 1694 2292 et

268 2337 350 2412 ioris
372 2348 450 2412 tunc
472 2339 528 2411 iila
549 2340 700 2434 portione
722 2363 783 2414 sua
806 2339 847 2414 ds
872 2351 960 2413 terra
983 2364 1048 2436 qne
1076 2349 1212 2414 rocatm
1237 2363 1369 2414 serrana
1391 2341 1496 2434 posita
1519 2343 1598 2414 ioris
1621 2343 1692 2438 ipso

269 2473 376 2537 castro
409 2475 592 2540 memorato
625 2469 792 2542 territorio
825 2471 1003 2562 puteolano
1036 2491 1103 2540 nna
1138 2489 1216 2539 cum
1249 2466 1420 2539 arsoribus
1455 2477 1489 2538 et
1522 2467 1693 2546 introitum

269 2615 368 2667 suum
390 2603 424 2666 et
445 2595 596 2668 omnibus
618 2595 680 2669 sivi
703 2595 938 2689 pertinentibus
961 2619 1026 2690 que
1048 2595 1110 2666 siat
1136 2593 1288 2666 offertum
1317 2615 1379 2688 pro
1408 2615 1482 2666 mea
1505 2603 1539 2665 et
1560 2595 1692 2672 illorum

270 2721 378 2794 anima
404 2721 439 2793 in
461 2721 660 2795 momsterie
681 2731 868 2794 sanctorum
898 2721 998 2815 sergii
1029 2730 1063 2794 et
1092 2720 1190 2792 bacbi
1218 2719 1278 2815 qui
1307 2741 1395 2791 nunc
1422 2731 1637 2815 congregatus
1658 2747 1694 2798 es

270 2848 306 2919 in
329 2848 525 2920 monasterio
545 2857 731 2920 unctorum
754 2848 906 2922 tbeodori
929 2857 963 2920 et
984 2847 1155 2922 sevastiani
1178 2847 1238 2944 qui
1260 2847 1439 2942 appellatur
1461 2849 1618 2943 casapicta
1641 2851 1694 2922 si·

270 2982 343 3044 tum
365 2973 400 3044 in
422 2973 628 3046 viridiarium
659 2983 693 3046 at
724 2975 886 3048 abundum
917 2971 991 3050 illut
1023 2972 1059 3044 in
1086 2972 1327 3067 sempiternum
1357 2983 1392 3046 et
1417 2995 1525 3069 neque
1558 2998 1578 3046 a
1600 2974 1695 3048 nobis

271 3095 460 3170 memoratis
482 3097 747 3170 distributoribus
770 3121 837 3170 una
859 3121 937 3170 cum
958 3097 1125 3170 voluntate
1148 3107 1329 3168 memorato
1344 3094 1484 3170 iohanne
1507 3098 1581 3172 uiro
1603 3121 1692 3172 suo:

268 3245 377 3320 neque
399 3249 419 3295 a
441 3225 560 3298 nostris
583 3225 756 3298 heredibus
779 3248 840 3296 nec
867 3225 909 3294 ab
940 3225 1114 3298 heredibus
1136 3231 1316 3294 memorata
1339 3224 1497 3318 eupraxia
1518 3223 1610 3298 uela
1632 3247 1695 3298 no·

271 3351 321 3422 bis
341 3349 487 3445 personis
508 3349 688 3423 summissis
718 3349 810 3421 nullo
842 3357 989 3443 tempore
1019 3371 1190 3444 nunquam
1212 3369 1273 3421 vos
1296 3355 1493 3422 memoratos
1522 3359 1633 3422 sancto
1663 3359 1697 3424 et

272 3477 450 3552 uenmabili
472 3485 582 3551 vestro
604 3477 801 3550 monasterio
824 3487 881 3547 aut
901 3475 1040 3570 posteris
1063 3477 1180 3548 vestus
1203 3474 1293 3570 quod
1316 3473 1401 3548 absit
1424 3474 1545 3548 abeatis
1576 3475 1697 3550 exinde

273 3605 447 3701 aliquande
470 3627 679 3701 quacumque
701 3601 915 3698 requisitione
938 3609 996 3672 aut
1017 3599 1164 3672 molestia
1187 3624 1207 3670 a
1230 3623 1317 3671 nunc
1334 3599 1418 3671 etin
1432 3601 1596 3694 perpetuis
1613 3609 1697 3674 tcm-

273 3731 425 3827 poribusr
449 3731 528 3830 quia
550 3733 596 3802 ita
619 3731 713 3802 nob'u
729 3729 876 3824 placuit:
900 3729 929 3800 si
953 3739 1064 3803 autem
1086 3750 1146 3802 nos
1169 3727 1263 3801 aliter
1285 3727 1457 3800 fecerimus
1480 3729 1521 3800 de
1543 3725 1595 3798 bis
1617 3749 1697 3800 om-

273 3855 371 3927 nibus
393 3855 582 3927 memoratis
604 3876 664 3946 per
686 3853 804 3947 qnobis
828 3853 964 3925 modum
988 3863 1045 3924 aut
1067 3851 1246 3924 summissis
1268 3849 1414 3944 personis
1431 3859 1510 3922 tunc
1526 3849 1696 3941 componi-

274 4003 349 4056 mus
370 3981 464 4054 vobis
479 3979 659 4074 vestrisque
674 3979 812 4074 posteris
827 3979 899 4050 auri
913 3979 1032 4052 solidos
1048 3978 1219 4050 duodecim
1234 3978 1437 4074 bytbianteos
1450 3987 1484 4048 et
1500 4000 1537 4050 ec
1551 3975 1697 4050 chartula

275 4110 317 4182 sit
339 4110 432 4183 firma
455 4109 575 4204 scripta
596 4131 655 4204 per
677 4129 812 4179 mannan
833 4105 984 4180 iohannis
1016 4107 1146 4180 curialis
1169 4129 1227 4202 per
1250 4113 1429 4178 memorata
1463 4104 1638 4178 indictione
1664 4099 1696 4201 †

274 4237 340 4310 boc
363 4237 493 4332 signum
514 4232 547 4330 †
569 4257 684 4308 manus
707 4241 888 4306 memorato
911 4233 1065 4329 gregorio
1088 4233 1279 4307 distributor
1301 4254 1379 4306 cum
1393 4254 1553 4306 censensu
1567 4253 1696 4306 memo-

277 4377 349 4440 rato
372 4365 512 4440 iohanne
533 4367 609 4438 viro
632 4388 693 4438 suo
716 4386 780 4458 ego
802 4387 864 4459 pro
887 4365 920 4436 ei
942 4363 1119 4459 subscripsi
1144 4359 1176 4458 †

372 4489 490 4590 †ego
513 4491 670 4566 iohannes
693 4489 865 4587 presbyter
888 4499 921 4565 et
943 4491 1135 4565 distributor
1157 4488 1334 4586 subscripsi
1357 4487 1389 4586 †

372 4619 404 4718 †
426 4645 489 4718 ego
511 4622 668 4695 iohannes
691 4621 859 4716 presbyter
881 4621 957 4692 testi
980 4619 1155 4715 subscripsi
1178 4615 1209 4713 †

373 4725 490 4844 †ego
512 4747 628 4842 paulus
650 4747 866 4820 subdiaconus
888 4747 962 4820 testi
986 4745 1161 4839 subscripsi
1184 4743 1216 4842 †

373 4873 491 4972 †ego
513 4873 670 4947 iohannes
693 4872 908 4947 subdiaconus
931 4872 1005 4946 testi
1028 4870 1203 4966 subscripsi
1226 4874 1259 4969 †

372 4996 404 5094 †
426 4999 498 5095 Ego
514 4998 670 5074 iohannes
681 4999 820 5076 Curialis
836 5001 1005 5097 complevi
1020 5011 1053 5076 et
1068 5001 1192 5076 absolsi
1207 5023 1265 5096 per
1280 5001 1459 5074 memorata
1472 4993 1647 5070 indictione
1662 4992 1694 5091 †
