4876 6520
648 1207 702 1256 Μ,
866 1169 896 1264 †
921 1170 957 1238 ln
981 1152 1261 1236 nomine-domini
1285 1162 1388 1232 nostri
1411 1160 1507 1230 lbesu
1530 1161 1649 1232 Christi
1672 1161 1788 1256 quinto
1812 1184 1897 1232 anno
1913 1162 2112 1257 principatus
2134 1165 2195 1234 do-

626 1319 713 1380 937,
773 1298 855 1367 mini
879 1293 1049 1364 landenolfi
1072 1290 1205 1382 gloriosi
1237 1289 1402 1381 principis.
1435 1311 1546 1360 mense
1578 1289 1688 1382 magio
1711 1289 1824 1383 quinta
1848 1289 1972 1360 decima
1996 1289 2192 1362 indictione:

773 1416 1038 1492 llemoratorium
1061 1415 1146 1484 lacto
1170 1437 1189 1482 a
1213 1410 1307 1482 nobis
1328 1411 1468 1484 iohanne
1483 1422 1517 1482 et
1532 1411 1651 1484 brscari
1665 1413 1829 1506 germanis
1844 1411 1918 1484 liliis
1933 1414 2115 1508 quondam.
2130 1465 2140 1484 .
2154 1465 2163 1482 .
2178 1469 2187 1486 .

773 1554 805 1614 et
829 1540 979 1612 abitatori
1002 1537 1043 1608 de
1066 1537 1184 1608 linibus
1207 1535 1325 1607 liburie
1357 1536 1430 1607 loco
1460 1535 1519 1606 ubi
1542 1536 1728 1607 nominatur
1756 1533 1797 1607 ad
1819 1537 1955 1631 peetole.
1979 1536 2020 1609 de
2043 1561 2083 1610 eo
2106 1540 2194 1634 quod

772 1666 913 1762 presenti
936 1663 1119 1756 sadelgismi
1143 1661 1243 1732 iudici
1266 1671 1299 1732 et
1322 1661 1460 1732 aliorum
1483 1661 1624 1732 testium.
1648 1661 1738 1733 Sicut
1760 1683 1942 1754 congruum
1943 1711 2187 1737 ...........

780 1841 911 1864 ......
918 1812 980 1882 ego
994 1788 1150 1860 iohannes
1164 1784 1342 1858 monachus
1365 1787 1516 1857 missusa
1539 1787 1672 1862 domino
1694 1808 1849 1858 mamone
1873 1786 2057 1859 venerabile
2081 1787 2195 1864 abbate

774 1915 963 1988 monasterii
970 1959 1362 1984 .................
1370 1912 1406 1982 in
1428 1922 1539 1982 monte
1562 1913 1671 1984 casino
1694 1911 1749 1982 ille
1772 1933 1834 2005 pro
1856 1920 1946 2007 parte
1969 1921 2002 1982 et
2023 1913 2096 1984 hice
2117 1937 2193 1983 me-

775 2043 895 2114 morati
918 2039 1116 2110 monasterii.
1139 2038 1305 2110 voluntate
1329 2061 1387 2110 sue
1394 2085 1927 2110 .......................
1934 2039 2003 2133 ipse
2016 2039 2074 2134 qui
2098 2061 2193 2135 supra

777 2167 932 2238 iohannes
954 2161 1113 2236 monacho
1136 2163 1190 2233 ille
1213 2185 1291 2255 erga
1314 2183 1424 2233 secum
1448 2161 1571 2234 abendo
1594 2160 1771 2237 landolfum
1794 2161 1947 2232 comitem
1962 2161 2109 2234 abbatem
2124 2185 2194 2234 me·

777 2290 896 2360 morati
919 2287 1107 2358 monasterii
1130 2295 1162 2356 et
1185 2286 1329 2358 medium
1343 2285 1437 2358 vobis
1459 2285 1554 2380 posui
1577 2284 1795 2378 grimoaldum
1810 2283 1914 2357 lilium
1937 2287 2102 2380 quondam
2124 2309 2194 2357 ma-

779 2413 856 2482 ioni.
881 2409 938 2479 tali
964 2419 1077 2478 tenore
1100 2417 1138 2478 ut
1161 2406 1279 2478 amodo
1302 2418 1335 2478 et
1358 2430 1463 2502 usque
1485 2408 1604 2500 viginti
1626 2418 1659 2478 et
1681 2408 1801 2478 nobem
1825 2431 1926 2480 annos
1950 2410 2094 2504 expletos
2125 2412 2194 2505 ipse

776 2541 835 2634 qui
868 2560 967 2630 supra
998 2534 1154 2606 iohannes
1185 2535 1347 2606 monacho
1370 2545 1403 2606 et
1427 2536 1495 2628 ipse
1519 2535 1669 2607 dominus
1693 2558 1805 2608 manso
1827 2535 2020 2612 venerabilis
2043 2537 2139 2610 abbas
2161 2551 2195 2610 et

777 2671 922 2757 posteras
944 2659 1015 2730 eius
1037 2667 1070 2728 et
1091 2657 1362 2752 pars-memorati
1385 2658 1572 2732 monasterii
1595 2659 1735 2730 dimittat
1757 2680 1817 2730 nos
1840 2661 1898 2754 qui
1920 2682 2017 2754 supra
2039 2661 2194 2734 iohannes

778 2797 812 2858 et
834 2788 952 2858 loscari
967 2794 999 2855 et
1018 2785 1136 2857 nostris
1159 2783 1331 2857 heredibus
1346 2795 1456 2860 tenere
1471 2795 1504 2859 et
1527 2786 1678 2859 laborare
1701 2787 1737 2860 in
1761 2795 1852 2881 parte
1875 2788 1961 2858 inter
1984 2809 2044 2859 nos
2066 2797 2099 2857 et
2121 2811 2195 2882 pars

778 2913 914 3008 predicti
929 2911 1125 2983 monasterii.
1142 2909 1267 3004 integra
1281 2933 1346 2984 uua
1360 2910 1446 3005 petia
1460 2911 1501 2982 de
1514 2919 1600 2984 terra
1614 2911 1809 3006 pertinentes
1823 2913 1994 2984 memorati
2008 2915 2195 2986 monasterii

778 3065 842 3137 que
867 3063 934 3112 esse
958 3040 1087 3110 bidetur
1111 3039 1146 3110 in
1170 3037 1316 3130 predicto
1339 3037 1412 3110 loeo
1433 3037 1559 3132 pectole
1579 3040 1615 3110 in
1629 3062 1697 3134 quo
1711 3039 1810 3110 modo
1824 3039 1947 3112 habitat
1960 3049 2047 3112 terra
2061 3043 2129 3136 ipsa
2144 3043 2195 3114 di-

779 3170 887 3238 mittat
909 3190 969 3238 nos
985 3176 1017 3236 et
1032 3167 1150 3236 nostris
1165 3164 1338 3236 heredibus
1361 3167 1542 3238 annualiter
1555 3177 1702 3261 tempore
1717 3191 1777 3240 suo
1791 3193 1884 3240 arare
1899 3169 2057 3242 seminare
2072 3179 2193 3242 metere

770 3299 812 3360 et
837 3299 940 3358 terere
963 3287 1068 3357 labori
1091 3287 1153 3380 ipsi
1176 3288 1260 3358 iusta
1283 3288 1407 3360 ratione
1432 3297 1464 3358 et
1486 3289 1545 3360 ubi
1568 3312 1697 3362 necesse
1712 3301 1761 3364 est
1774 3292 1915 3366 dimittat
1937 3317 1996 3364 nos
2019 3304 2053 3364 et
2075 3297 2193 3367 nostris

777 3415 952 3486 heredibus
975 3415 1009 3484 in
1032 3416 1176 3508 predicta
1198 3424 1285 3488 terra
1309 3414 1490 3488 annualiter
1512 3426 1659 3510 tempore
1682 3441 1742 3490 suo
1764 3443 1886 3513 ponere
1907 3421 2043 3516 pluppos
2066 3423 2194 3495 ethites

779 3551 812 3610 et
835 3552 981 3635 tempore
1003 3565 1063 3612 suo
1085 3543 1169 3613 iusta
1192 3541 1328 3614 hordine
1353 3553 1386 3614 et
1416 3545 1502 3638 ipsos
1525 3545 1657 3617 arbores
1680 3556 1713 3616 et
1735 3547 1818 3618 bites
1840 3572 1905 3643 que
1928 3549 2047 3621 ibidem
2071 3560 2190 3623 staunt.

779 3677 812 3734 et
835 3689 899 3758 que
922 3665 968 3735 ibi
991 3665 1196 3757 posuerimus
1220 3665 1384 3736 dimittant
1407 3665 1524 3737 nostris
1547 3665 1719 3740 heredibus
1743 3669 1830 3763 ipsos
1844 3671 2025 3743 annualiter
2046 3683 2193 3767 tempore

778 3809 838 3859 suo
862 3787 1039 3858 disramme
1063 3786 1201 3858 ethites
1224 3794 1337 3880 potare
1368 3795 1401 3856 et
1431 3790 1646 3882 propaginare
1677 3801 1711 3862 et
1741 3792 1939 3868 bindemiare
1962 3795 2045 3868 iusta
2068 3798 2192 3868 ratione

779 3925 813 3982 et
836 3935 967 3984 onmem
997 3913 1188 3984 bictualium
1220 3911 1309 4006 quod
1338 3911 1444 3985 nobis
1460 3914 1539 3988 deus
1561 3917 1678 3990 exinde
1703 3913 2029 3994 annualier'dedent
2051 3921 2193 3995 dibidere

778 4037 952 4108 debeamus
976 4039 1062 4130 ipsos
1086 4038 1254 4109 internos
1277 4039 1312 4108 in
1336 4039 1466 4110 tertiam
1488 4051 1614 4134 partem
1636 4064 1695 4114 nos
1717 4042 1834 4114 exinde
1857 4044 2007 4118 tollamus
2021 4047 2102 4118 sorti
2125 4047 2190 4120 duo

783 4169 816 4229 et
838 4159 878 4230 ad
900 4169 1026 4252 partem
1048 4159 1186 4253 predicti
1209 4160 1397 4234 monasterii
1419 4162 1533 4235 demus
1556 4162 1631 4234 inde
1654 4175 1774 4236 sorum
1796 4189 1896 4242 unam
1919 4192 1984 4264 que
1999 4180 2048 4242 est
2063 4171 2191 4242 tertiam

781 4293 916 4377 partem.
940 4294 973 4353 et
996 4307 1126 4356 omnem
1148 4285 1262 4358 binum
1283 4285 1372 4382 quod
1386 4287 1480 4362 nobis
1494 4289 1572 4362 deus
1587 4290 1704 4362 exinde
1719 4292 1898 4366 annualiter
1912 4295 2035 4368 dederit
2048 4297 2193 4370 dibidera

779 4405 952 4480 debeamus
977 4407 1064 4502 ipsos
1086 4409 1245 4480 internos
1260 4431 1321 4503 pro
1343 4411 1548 4483 medietatem
1563 4435 1623 4484 nos
1639 4414 1756 4488 exinde
1769 4417 1919 4492 tollamus
1934 4420 2139 4492 medietatem
2160 4433 2193 4494 et

780 4534 821 4605 ad
845 4543 969 4628 partem
993 4535 1128 4628 predicti
1151 4537 1339 4609 monasterii
1363 4537 1476 4610 demus
1499 4538 1574 4610 inde
1598 4541 1725 4634 integra
1739 4542 1808 4638 ipsa
1822 4543 1948 4638 reliqua
1962 4531 2190 4620 medietatemc

776 4659 880 4732 linum
903 4659 982 4732 bero
1005 4662 1094 4753 quod
1118 4660 1213 4732 nobis
1236 4661 1315 4733 deus
1338 4661 1520 4736 annualiter
1543 4665 1667 4738 dederit
1690 4667 1725 4738 in
1749 4669 1816 4740 iam
1840 4669 1926 4742 dicta
1948 4670 2035 4764 petia
2048 4672 2089 4746 de
2103 4680 2191 4743 terra

777 4786 920 4858 dibidere
944 4787 1115 4861 debeamus
1137 4789 1225 4882 ipsos
1249 4787 1427 4860 annualiter
1442 4801 1588 4885 tempore
1602 4815 1754 4865 succum
1777 4805 1903 4888 partem
1925 4799 2062 4892 predicti
2077 4820 2192 4872 mona·

777 4909 867 4982 elerii
883 4909 918 4982 io
932 4920 1081 5006 quartam
1096 4921 1222 5006 partem
1244 4933 1304 4982 nos
1327 4912 1444 4986 exinde
1457 4913 1608 4988 tollamus
1622 4919 1703 4990 sorti
1718 4927 1784 4990 tres
1799 4919 1888 4992 etad
1913 4931 2039 5016 partem
2066 4943 2191 4993 memo-
