4906 6520
929 683 1069 782 (ιω)

856 975 859 982 ’
904 967 1079 1048 cfflvu.

377 1233 470 1327 †ln
492 1232 623 1305 nemine
646 1230 770 1303 domini
793 1229 847 1302 dei
869 1229 1038 1303 salvatoris
1062 1233 1164 1302 nosui
1186 1231 1283 1304 lhesu
1305 1231 1424 1306 Christi
1448 1236 1629 1328 Imperenle
1645 1237 1704 1310 do-
1769 1285 1826 1336 an·

284 1360 374 1431 mino
405 1364 518 1429 nosue
549 1354 663 1427 besilio
695 1375 815 1448 magno
847 1341 1045 1448 lmperelore
1076 1374 1162 1426 enno
1194 1356 1358 1426 tricesimo
1388 1355 1546 1449 septimo:
1580 1361 1636 1431 sed
1670 1367 1703 1430 et
1756 1398 1842 1463 997.

283 1483 483 1555 constantino
517 1483 615 1552 freter
651 1479 721 1552 eius
751 1501 872 1574 mugno
904 1478 1103 1574 imperatore
1138 1499 1224 1551 auno
1259 1479 1428 1554 tricesimo
1463 1488 1610 1578 quarto:
1649 1483 1702 1554 die

285 1609 399 1680 octaba
423 1607 547 1677 decima
571 1605 691 1676 mensis
718 1603 856 1675 ianuarii
887 1603 1063 1677 indictione
1093 1603 1217 1676 decime
1241 1607 1396 1701 neapolit
1422 1606 1554 1681 Certum
1578 1617 1627 1680 est
1648 1629 1702 1681 me

284 1733 476 1829 stephanum
500 1732 603 1804 lilium
628 1731 792 1827 quondum
815 1732 950 1826 supelini
973 1733 1014 1804 de
1036 1730 1113 1804 loeo
1136 1732 1195 1824 qui
1211 1733 1399 1804 nominetur
1414 1737 1519 1806 casule
1533 1737 1701 1808 territorio

282 1857 468 1930 liburiano:
494 1857 527 1927 A
551 1855 690 1950 presenti
714 1855 768 1926 die
792 1857 953 1948 promieto
975 1852 1068 1926 vobis
1092 1855 1226 1926 domino
1250 1854 1403 1948 gregorio
1427 1867 1460 1927 el
1483 1860 1617 1930 domino
1631 1868 1703 1931 sle-

284 1982 393 2074 pbano
418 1982 553 2053 uterinis
577 1983 739 2076 germanis
762 1980 837 2052 filiis
860 1981 1027 2075 quondam
1042 1978 1167 2050 domini
1182 1978 1331 2074 stephani
1346 1988 1480 2074 propter
1494 1981 1620 2076 integra
1635 2007 1701 2056 nnn

286 2103 428 2175 clusuris
448 2103 489 2172 de
513 2112 599 2172 terra
622 2111 729 2173 vestra
759 2125 824 2198 que
851 2103 1039 2177 nominetur
1066 2105 1168 2176 fracte
1189 2105 1312 2198 pietula
1334 2105 1439 2198 positu
1461 2105 1498 2175 in
1520 2118 1702 2179 memorato

280 2225 355 2300 loeo
378 2251 443 2302 unu
467 2252 543 2302 cum
568 2227 738 2299 arboribus
762 2239 795 2299 et
818 2229 990 2304 introitum
1013 2250 1109 2301 suum
1138 2236 1172 2300 et
1202 2227 1357 2302 omnibus
1379 2228 1443 2300 sibi
1464 2230 1701 2324 pertinentibus

282 2352 342 2446 qui
365 2361 398 2422 et
421 2349 553 2423 coheres
577 2351 639 2421 sihi
663 2351 704 2420 sb
726 2373 794 2422 uno
817 2351 916 2423 latere
940 2363 1025 2422 terra
1048 2350 1174 2424 domini
1195 2351 1267 2446 lupi
1290 2360 1324 2423 et
1347 2353 1471 2425 domini
1491 2356 1640 2428 mutuli
1655 2357 1701 2427 si-

281 2481 349 2551 euti
372 2479 459 2561 inter
482 2502 517 2550 se
540 2479 625 2571 sepis
648 2488 681 2548 et
705 2481 842 2552 fossatus
866 2476 987 2552 exfinut
1017 2487 1051 2548 el
1074 2457 1123 2548 'ub
1148 2479 1213 2551 alio
1235 2480 1338 2552 latere
1361 2478 1496 2551 coheret
1525 2489 1612 2552 terre
1634 2505 1700 2554 re-

282 2612 348 2675 stro
379 2627 477 2700 quem
499 2583 576 2692 ,uos'
603 2608 709 2678 dalem
740 2605 840 2677 abelis
871 2607 913 2678 ad
945 2604 1079 2678 heredes
1105 2605 1227 2690 murini
1248 2605 1429 2702 presbyteri
1451 2607 1609 2702 orpiubus
1633 2631 1698 2680 re-

281 2731 355 2804 stris
380 2731 476 2802 sicuti
501 2731 587 2802 inter
610 2755 644 2802 se
668 2731 753 2825 sepis
776 2742 809 2804 et
830 2732 1110 2804 lmurmexfinat
1133 2741 1168 2802 et
1189 2734 1230 2804 de
1254 2753 1323 2803 uno
1346 2730 1451 2826 sepite
1465 2731 1597 2803 cohered
1611 2743 1697 2806 terre

279 2857 413 2930 heredes
436 2856 559 2928 domini
582 2857 730 2927 iohannis
753 2856 869 2928 fusculi
893 2864 926 2928 el
951 2856 992 2926 ab
1015 2855 1079 2928 ulio
1102 2855 1206 2950 cupite
1222 2855 1357 2928 coheres
1375 2856 1589 2960 viepuhlicu:
1617 2879 1697 2952 ques
1722 2953 1726 2960 .

280 3007 360 3056 vero
384 2995 560 3058 memorata
584 2985 724 3057 clusurio
747 2986 787 3058 de
810 2995 989 3057 memorata
1012 2995 1098 3056 terra
1121 2993 1229 3056 vestre
1252 2983 1335 3056 mihi
1359 2985 1508 3081 meisque
1525 2983 1697 3057 heredibus

132 3143 135 3150 ·
280 3112 438 3186 dedistitis
473 3123 506 3183 et
537 3113 749 3184 laborandum
782 3136 840 3185 seu
874 3111 1100 3184 detinendum:
1133 3111 1168 3183 in
1199 3134 1240 3182 eo
1270 3135 1349 3183 vero
1374 3113 1480 3184 tinore
1503 3123 1541 3183 ut
1565 3114 1598 3182 in
1622 3135 1694 3184 meu

280 3239 427 3333 meisque
450 3240 623 3312 heredibus
646 3241 710 3309 siut
734 3248 925 3333 potestatem
948 3262 1004 3309 eos
1027 3240 1159 3310 tenendi
1182 3248 1215 3311 et
1238 3238 1426 3312 dominandi
1450 3261 1507 3311 seu
1531 3240 1698 3323 laborandi
1728 3335 1730 3340 ,
1808 3329 1811 3336 Ι

279 3373 312 3431 et
333 3363 511 3436 seminandi
544 3367 750 3442 seucumines
780 3373 813 3432 et
844 3362 925 3433 biles
948 3363 1070 3433 ibidem
1094 3362 1235 3455 ponendi
1259 3372 1291 3434 et
1314 3363 1477 3456 plantandi
1500 3363 1557 3435 ubi
1584 3387 1696 3438 neees-

278 3507 349 3559 sum
372 3489 472 3560 suerit
495 3499 528 3558 et
552 3492 635 3560 sicut
659 3487 780 3560 iustum
803 3488 903 3559 luerit
926 3496 959 3557 et
981 3509 1079 3583 super
1102 3509 1160 3556 nos
1179 3486 1242 3578 'per
1266 3487 1356 3556 omni
1381 3509 1486 3559 annue
1512 3489 1648 3560 inferius
1664 3497 1698 3560 el

279 3610 428 3704 superius
450 3609 657 3704 recolligendi
679 3611 809 3684 fruendi
830 3621 863 3682 et
886 3609 1075 3684 comedendi
1099 3621 1132 3680 et
1149 3612 1189 3681 de
1203 3611 1272 3702 ipse
1289 3613 1416 3704 refugis
1431 3613 1569 3683 faciendi
1585 3615 1696 3686 omnia

230 3702 236 3720 ⁶
279 3756 343 3827 que
367 3735 567 3805 voluerimus
590 3736 675 3806 uude
700 3737 822 3808 mullum
842 3744 928 3807 sorte
943 3757 1018 3828 pars
1033 3731 1115 3804 mihi
1130 3732 1274 3827 meisque
1293 3731 1466 3836 heredibus
1482 3732 1599 3806 exinde
1614 3757 1697 3829 que·

280 3861 438 3934 rasurus
469 3861 585 3931 tollatis
616 3887 676 3954 per
703 3863 832 3932 nullum
862 3863 997 3932 modum
1031 3860 1254 3932 rantummodo
1278 3881 1340 3954 ego
1364 3869 1396 3931 et
1418 3858 1590 3935 heredibus
1614 3862 1696 3934 meis

280 3982 372 4055 vobis
395 3983 596 4078 vestrisque:
622 3982 794 4055 heredibus
818 3983 935 4054 exinde
960 4005 1019 4076 per
1041 3983 1132 4054 omni
1147 4003 1255 4053 annuo
1269 3981 1304 4052 in
1318 3991 1426 4054 sancte
1449 3984 1554 4055 marie
1578 3985 1617 4056 de
1635 4009 1696 4058 uu·

280 4119 377 4204 gusto
400 4131 511 4214 mense
535 4112 610 4184 dare
633 4118 666 4182 el
689 4110 871 4203 persolbere
895 4108 1067 4180 debeamus
1089 4109 1173 4194 idest
1191 4107 1445 4202 respousutieum
1459 4091 1607 4182 triticum
1621 4132 1696 4183 mo-

282 4239 373 4312 dium
398 4240 553 4334 quimque
576 4239 699 4310 honum
722 4217 845 4312 siecum
860 4247 997 4309 lraclum
1012 4243 1161 4330 paralum
1176 4259 1300 4332 usque:
1320 4243 1392 4307 ante
1407 4233 1497 4328 regie
1512 4235 1624 4306 domui
1638 4256 1696 4306 re-

282 4371 348 4433 stra
370 4373 592 4436 mensuratum
614 4375 647 4434 at
675 4364 825 4436 modium
848 4363 943 4460 quale
967 4364 1045 4434 dant
1077 4361 1148 4435 aliis
1176 4360 1329 4434 omuibus
1353 4361 1393 4434 de
1417 4368 1597 4432 memorale
1620 4361 1695 4433 loeo

283 4488 323 4558 de
347 4487 418 4558 aliis
444 4489 536 4559 terris
552 4489 688 4560 vestris:
715 4497 838 4562 etcum
854 4489 961 4582 ipsum
976 4488 1121 4560 triticum
1137 4485 1231 4559 vobis
1246 4487 1397 4560 eldueere
1413 4484 1588 4560 debeamus
1603 4485 1696 4557 omni

284 4636 390 4683 annue
414 4637 477 4683 une
501 4613 621 4683 ioeaeiu
644 4614 729 4685 bonu
752 4616 896 4686 mundar
922 4622 954 4685 et
977 4613 1159 4686 nullatenus
1182 4611 1374 4708 presumelis
1397 4635 1456 4684 ros
1480 4621 1537 4684 aul
1558 4609 1694 4684 heredi-

287 4740 347 4812 bus
370 4739 485 4810 vesiris
508 4738 590 4808 mihi
617 4738 785 4832 meisque:
812 4737 984 4810 heredibus
1007 4738 1079 4810 illos
1102 4737 1214 4811 tollere
1237 4747 1270 4811 si
1284 4762 1303 4807 e
1317 4737 1433 4833 quibis
1447 4757 1600 4831 personas
1623 4735 1695 4806 illos

283 4874 316 4933 et
338 4862 549 4935 laborandum
572 4861 648 4932 dare
672 4883 739 4954 per.
752 4860 879 4933 nullum
901 4861 1035 4933 modum
1058 4861 1169 4933 dentes
1191 4868 1224 4932 et
1246 4861 1465 4956 persnlbenlee
1488 4882 1551 4954 ego
1573 4869 1606 4934 et
1629 4862 1695 4934 he-
1801 4949 1804 4956 Ι

286 4991 415 5067 nedibus
437 4990 519 5062 meis
535 4989 627 5060 vobis
644 4989 840 5084 veslrisque:
863 4987 1038 5063 heredibus
1053 4988 1169 5062 exinde
1183 5009 1243 5082 per
1257 4987 1347 5060 omni
1361 5009 1465 5061 annue
1479 4996 1694 5062 memoratum

526 5117 591 5188 Vel.
619 5117 683 5187 lll.
1312 5123 1353 5187 sl
