4906 6520
1389 667 1534 765 (111)

1363 955 1560 1030 CCXXXVI.

582 1289 584 1292 .
622 1257 673 1304 an,
836 1222 868 1318 †
891 1225 928 1294 ln
951 1219 1085 1292 nomine
1108 1218 1234 1290 domini
1256 1215 1310 1287 dei
1332 1214 1500 1285 salvatoris
1523 1211 1627 1283 nostri
1648 1153 1745 1282 lbesu
1768 1208 1888 1282 Christi
1910 1193 2170 1304 Imperante'do-

598 1367 684 1432 994,
742 1345 834 1416 mino
858 1355 970 1417 nostro
993 1343 1108 1413 basilio
1132 1363 1254 1434 magno
1277 1325 1483 1432 Imperatore
1498 1359 1583 1407 anno
1605 1337 1770 1407 tricesimo
1786 1344 1931 1428 quarto:
1959 1333 2016 1403 sed
2034 1343 2066 1402 et
2082 1357 2167 1404 oon·

742 1467 884 1537 stantino
908 1487 1028 1557 magno
1052 1465 1251 1558 Imperatore
1265 1465 1375 1563 ¹frater
1399 1463 1469 1532 eius
1494 1483 1579 1532 anno
1602 1459 1768 1530 tricesimo
1792 1458 1908 1553 primo.
1937 1457 1990 1529 die
2014 1456 2167 1527 vicesima

742 1595 860 1666 mensis
885 1593 1036 1686 augustiiw
1050 1591 1227 1664 indictione
1243 1591 1380 1683 septima
1395 1588 1543 1683 neapoli:
1566 1587 1700 1658 Certum
1715 1595 1764 1656 est
1778 1605 1837 1655 nos
1853 1583 2046 1677 stephanum
2061 1585 2164 1656 lilium

744 1719 910 1814 quondam
934 1717 1059 1789 domini
1083 1717 1181 1809 sergii
1206 1725 1239 1785 et
1263 1715 1437 1786 iohannem
1461 1736 1501 1784 oo
1525 1723 1573 1785 est
1592 1713 1733 1807 genitori
1757 1721 1790 1783 et
1805 1709 1892 1783 tilio:
1909 1713 1940 1780 A
1955 1711 2096 1804 presenti
2114 1711 2164 1780 die
2289 1751 2299 1762 -

744 1843 971 1937 promictimus
994 1841 1054 1911 tibi
1079 1841 1212 1921 domino
1229 1840 1323 1910 leone
1343 1839 1522 1910 venerabili
1537 1840 1726 1934 presbytero
1742 1846 1776 1907 et
1790 1836 1980 1931 primicerio
1997 1835 2163 1908 custodem

651 2024 655 2032 .
743 1989 825 2042 vero
849 1966 982 2037 ecclesie
1006 1965 1108 2037 sancti
1132 1965 1304 2036 euthimii:
1330 1975 1465 2057 propter
1487 1963 1613 2058 integra
1636 1987 1701 2036 una
1724 1972 1811 2032 terra
1833 1983 1899 2056 que
1923 1969 2057 2032 vocatur

953 2093 1061 2188 'posita
1085 2093 1224 2166 veroin
1247 2094 1321 2163 loco
1345 2093 1404 2188 qui
1426 2102 1561 2166 vocatur
1583 2090 1734 2162 liciniana
1763 2088 1852 2185 qnod
1876 2097 1923 2160 est
1946 2088 2023 2159 loris
2049 2109 2166 2157 arcora

745 2219 867 2291 dudum
896 2223 1109 2314 aqueductus:
1137 2222 1210 2293 Una
1234 2242 1310 2292 cum
1334 2219 1505 2291 arvoribns
1529 2229 1562 2288 et
1585 2217 1754 2288 introitum
1780 2239 1876 2288 suum
1900 2225 1932 2286 et
1951 2215 2101 2286 omnibus
2118 2215 2165 2284 eis

746 2349 982 2440 pertinentibus
1005 2371 1104 2441 quem
1127 2349 1292 2442 quondam
1317 2349 1451 2419 domino
1473 2348 1597 2438 cesario
1620 2368 1759 2415 monaco
1783 2365 1938 2438 germano
1961 2352 1995 2414 et
2018 2343 2087 2413 thio
2104 2365 2165 2412 no-

744 2485 813 2547 stro
838 2476 906 2568 ipsa
930 2485 1016 2544 terra
1040 2477 1074 2544 in
1099 2475 1241 2567 predicta
1264 2475 1398 2545 eeclesia
1421 2485 1478 2546 tua
1500 2473 1653 2546 hoffemit
1677 2496 1856 2566 persuum
1878 2472 2077 2564 dispositum.
2101 2471 2165 2540 Co-

745 2602 879 2673 herente
903 2595 965 2671 si'vi
990 2601 1030 2670 ab
1054 2625 1121 2671 uno
1146 2601 1246 2672 latere
1269 2611 1355 2673 terra
1379 2603 1419 2672 de
1442 2602 1490 2672 illi
1515 2601 1622 2671 aurilii
1647 2611 1679 2672 et
1695 2603 1735 2672 de
1751 2600 1798 2670 illi
1814 2599 1950 2671 miliaeci
1969 2623 1987 2666 a
2003 2621 2082 2668 vero
2098 2597 2160 2666 alio

660 2820 665 2835 ι
743 2728 845 2796 latere
869 2739 956 2797 terra
981 2727 1113 2798 ecclesie
1137 2729 1239 2798 sancti
1261 2729 1395 2800 martini
1418 2729 1498 2798 111111
1521 2729 1674 2799 heredem
1698 2727 1874 2799 kaloleoni.
1905 2727 1945 2796 de
1969 2747 2036 2796 uno
2061 2723 2163 2816 capite

745 2863 833 2924 terra
857 2854 896 2924 de
921 2853 970 2924 1111
992 2853 1145 2947 spatharii
1161 2877 1202 2924 111
1218 2854 1282 2924 1111
1306 2855 1410 2949 capite
1434 2855 1486 2925 via
1511 2855 1685 2949 pubblica:
1712 2854 1752 2924 de
1768 2879 1832 2948 qua
1848 2854 1991 2946 primum
2015 2853 2163 2923 omnium

743 3002 804 3052 nos
828 2991 1011 3051 memorato
1035 2980 1163 3073 genitor
1186 2989 1218 3051 et
1241 2981 1309 3075 filio
1333 2981 1593 3075 repromictimus
1621 2981 1681 3052 tibi
1705 2989 1885 3051 memorato
1909 2981 2043 3052 donuno
2068 2979 2161 3050 leone

746 3109 924 3178 venerabili
957 3109 1137 3200 presbitero
1170 3120 1203 3178 et
1231 3109 1417 3202 primicerio
1444 3110 1522 3204 quia
1554 3133 1734 3204 numquam
1766 3109 1984 3203 presumimus
2015 3131 2075 3178 nos
2108 3117 2164 3177 aut

742 3231 877 3304 heredes
912 3233 1031 3302 nostris
1060 3253 1119 3301 nec
1148 3233 1299 3304 abeamus
1330 3233 1492 3304 licentiam
1522 3233 1866 3328 aliquandoptempore
1890 3243 1922 3303 te
1945 3245 2003 3302 aut
2025 3233 2163 3325 posteris

743 3357 809 3426 tuis
833 3380 893 3426 nec
913 3369 1095 3428 memorata
1120 3357 1250 3428 ecclesia
1283 3367 1339 3428 tua
1362 3381 1404 3428 ex
1428 3361 1497 3452 ipsa
1521 3371 1607 3430 terra
1631 3383 1707 3430 cum
1731 3359 1882 3430 omnibus
1906 3359 1968 3428 sivi
1991 3357 2162 3452 pertinen-

742 3483 828 3554 tibus
853 3493 890 3553 ut
913 3507 1010 3577 super
1034 3484 1152 3576 legitur
1175 3508 1275 3578 quem
1298 3495 1496 3558 memoratus
1512 3509 1683 3580 germanus
1700 3495 1732 3556 et
1747 3487 1835 3558 thius
1850 3497 1959 3558 noster
1974 3485 2008 3556 in
2024 3485 2093 3578 ipsa
2110 3507 2161 3554 ec·

742 3607 840 3678 clesia
865 3617 922 3676 tua
945 3608 1062 3678 offerui
1085 3630 1144 3700 per
1167 3619 1385 3680 memoratum
1408 3632 1504 3680 suum
1529 3609 1721 3702 dispositum
1745 3631 1883 3704 querere
1910 3619 1965 3680 aut
1988 3609 2160 3678 molestare

741 3745 800 3826 per
824 3732 951 3804 nullum
980 3734 1116 3803 modum
1144 3758 1205 3804 nec
1228 3759 1287 3829 per
1310 3735 1372 3804 alia
1396 3736 1521 3808 ratione
1545 3759 1604 3808 nec
1628 3759 1686 3830 per
1709 3737 1962 3807 transferendam
1986 3756 2158 3828 personam

742 3869 798 3929 aut
822 3883 880 3952 per
903 3861 1141 3954 qualecumque
1165 3863 1300 3934 modum
1324 3887 1343 3934 1
1366 3886 1452 3934 nunc
1476 3875 1507 3932 et
1530 3866 1565 3934 in
1589 3865 1756 3958 perpetuis·
1775 3862 1976 3956 temporibus
1999 3863 2097 3934 etiam
2121 3869 2157 3931 et

741 4006 855 4057 omnes
879 3985 1028 4057 homines
1053 3988 1207 4082 omnique
1230 4012 1367 4082 persona
1389 3991 1447 4085 qui
1471 4007 1613 4084 per'nos
1637 4001 1693 4062 aut
1714 4015 1773 4085 per
1787 3990 1905 4060 nostris
1927 3988 2099 4059 heredibus
2125 4001 2164 4072 te,

740 4123 797 4182 aut
819 4115 956 4208 posteris
979 4115 1045 4184 tuis
1068 4116 1120 4186 vel
1144 4127 1323 4188 memorata
1346 4117 1481 4188 eeclesia
1506 4127 1561 4188 tua
1585 4120 1703 4190 exinde
1727 4117 1892 4213 quesierit.
1916 4119 2026 4190 statim
2046 4137 2107 4186 nos
2123 4125 2157 4186 et

739 4237 874 4308 heredes
898 4237 1016 4308 nostris
1040 4241 1133 4310 vobis
1157 4241 1367 4336 posterisque.
1392 4241 1507 4314 vestris
1526 4265 1587 4312 eos
1603 4242 1721 4312 exinde
1747 4245 1885 4335 desuper
1908 4241 2020 4311 tollere
2042 4239 2160 4310 debea-

738 4383 813 4434 mus
837 4361 982 4456 absque:
1016 4365 1130 4436 homni
1153 4367 1227 4437 data
1249 4367 1486 4442 boccansione:
1514 4370 1549 4440 Si
1578 4376 1687 4441 autem
1716 4393 1775 4442 nos
1799 4381 1856 4440 aut
1880 4367 2014 4440 heredes
2037 4365 2153 4438 nostris

739 4485 857 4581 quobis
881 4496 1027 4579 tempore
1051 4499 1162 4560 contra
1185 4491 1269 4561 hanc
1291 4490 1469 4565 chartulam
1494 4493 1716 4586 promissionis
1737 4503 1775 4564 ut
1790 4517 1886 4587 super
1901 4491 2021 4587 legitur
2043 4489 2156 4562 benire

737 4609 1008 4704 presumserimus
1033 4621 1065 4681 ct
1088 4612 1123 4686 in
1146 4613 1270 4706 eliquid
1293 4614 1405 4685 offensi
1430 4615 1588 4694 fuerimus
1610 4639 1668 4710 per
1691 4617 1809 4710 quobis
1833 4616 1967 4687 modum
1984 4625 2040 4684 aut
2063 4635 2158 4684 sum-

737 4735 843 4804 missis
868 4735 1014 4829 personis
1037 4745 1115 4806 tunc
1139 4736 1364 4836 componimus
1388 4737 1447 4812 tibi
1470 4740 1600 4834 tuisque
1628 4741 1764 4835 posteris
1787 4749 1821 4811 et
1845 4764 1864 4809 a
1888 4748 2068 4810 memorata
2099 4761 2157 4810 eo-

737 4863 834 4936 elesia
857 4872 913 4934 tua
938 4865 1009 4936 auri
1033 4865 1153 4939 solidos
1177 4866 1318 4937 sedecim
1341 4865 1546 4960 bythianteos
1565 4867 1675 4940 etheo
1698 4865 1845 4938 chartula
1862 4877 1899 4938 ut
1915 4889 2014 4961 super
2037 4867 2157 4961 legitur

736 4985 778 5059 sit
803 4987 919 5058 firma:
953 4989 1071 5084 scripta
1093 5011 1152 5084 per
1174 5011 1290 5064 manus
1313 4989 1400 5062 leoni
1424 4990 1555 5062 curialis
1578 4991 1719 5064 seribere
1742 4998 1874 5090 rogatus
1898 5013 1958 5084 per
1981 4991 2158 5064 indictione
