4906 6520
861 1226 992 1300 Christe
1013 1230 1098 1302 fave.

359 1479 391 1580 †
414 1485 452 1554 lu
474 1479 607 1554 nominc
629 1479 754 1554 donu'ui
776 1477 830 1552 dei
854 1479 1023 1555 salvatoris
1045 1483 1150 1556 umtri
1174 1481 1272 1558 ihesu
1288 1483 1409 1558 Christi
1423 1490 1607 1582 Imperaute
1622 1492 1683 1563 do-
1744 1525 1802 1572 an,

265 1609 356 1682 mino
377 1619 492 1682 nostro
514 1609 630 1682 basilio
653 1630 772 1702 magno
795 1609 995 1702 Imperatore
1009 1633 1096 1682 anno
1111 1611 1275 1684 tricesimo
1290 1621 1454 1690 secundo:
1481 1621 1588 1692 sedet
1602 1641 1681 1692 con·
1729 1635 1816 1698 992.

265 1738 406 1808 atautiuo
428 1759 548 1832 magno
570 1738 767 1832 Imperatore
790 1758 875 1808 anno
899 1738 1054 1810 vicesimo
1077 1761 1187 1810 nono:
1214 1740 1268 1810 die
1282 1752 1372 1812 sexta
1395 1747 1514 1815 mensis
1537 1750 1678 1840 augustii
1828 1797 1834 1812 .

179 1869 189 1891 '
264 1865 438 1938 indictione
461 1864 575 1958 quinta
598 1863 750 1958 neapoli:
781 1863 853 1936 Visi
876 1887 1007 1959 nanque
1029 1863 1119 1935 fuisti
1144 1865 1204 1936 tivi
1227 1864 1379 1939 videlieet
1402 1869 1571 1942 dominum
1595 1873 1680 1966 filip-

265 2011 346 2083 pum
369 1979 545 2062 vonerabili
568 1989 724 2083 igumeno
747 1987 936 2062 monasterii
966 1997 1155 2065 sanctorm
1183 1989 1283 2083 sergii
1307 2001 1340 2061 et
1362 1992 1487 2064 bachi:
1513 1995 1572 2090 qui
1594 2019 1681 2067 nuuc

262 2122 476 2209 congregatus
498 2135 533 2186 ea
556 2113 591 2186 in
613 2115 1009 2188 monasteriosanctnrum
1023 2113 1173 2184 theodori
1188 2123 1221 2184 et
1236 2116 1407 2186 sevaetiani
1424 2116 1482 2210 qui
1498 2118 1678 2210 appellatur

260 2240 418 2332 casapiuta
442 2237 541 2310 situm
565 2238 600 2310 iu
621 2238 843 2310 viridiarium:
856 2261 922 2332 uua
937 2261 1014 2308 cum
1029 2245 1142 2308 cuntes
1156 2248 1266 2309 vestra
1288 2239 1540 2332 congregatione
1563 2263 1679 2312 mona·

260 2361 400 2434 chorum
421 2363 594 2436 memorati
616 2362 718 2436 saneti
740 2361 988 2436 et'venerahiiiv
1010 2363 1112 2434 vestri
1135 2363 1342 2436 monasterii:
1372 2367 1477 2435 facere
1501 2366 1594 2434 nobis
1620 2368 1677 2438 vi-

261 2487 506 2562 delicet'aliano
528 2485 597 2562 filie
620 2488 786 2582 qmntan
803 2488 974 2566 maurini:
1000 2497 1034 2559 et
1054 2487 1284 2581 iohanuiperto
1308 2487 1376 2558 fiiio
1399 2489 1567 2582 quondam
1589 2491 1674 2582 gui-

258 2610 356 2680 soni:
381 2631 440 2713 seu
462 2619 558 2702 petro
580 2619 614 2684 et
637 2613 735 2703 guiso
758 2613 919 2704 germanis
941 2609 1016 2684 filiis
1038 2611 1205 2703 quondam
1228 2611 1342 2682 marii:
1366 2621 1399 2684 et
1414 2612 1625 2684 abitatoribus
1641 2614 1676 2686 iu

259 2741 333 2812 loco
355 2739 415 2834 qui
437 2749 575 2812 vocatur
596 2741 716 2814 miiaua
730 2740 898 2814 territurio
913 2741 1115 2814 nimitereuao
1129 2739 1277 2812 chartula
1294 2741 1517 2834 promissionis
1536 2764 1673 2836 respon-

258 2867 396 2938 satioam
420 2865 460 2938 do
482 2887 596 2938 omnes
617 2873 721 2940 terres
740 2875 852 2940 'veruo
873 2866 956 2940 iuris
978 2867 1149 2942 memorati
1170 2869 1272 2940 annoti
1296 2877 1329 2940 et
1352 2867 1544 2942 venerabilia
1559 2868 1674 2938 vestris
1789 2901 1801 2927 ι

258 2993 449 3066 monasterii
464 2994 524 3088 qui
537 2994 725 3068 nominatur
738 2995 780 3066 dri
795 2969 869 3068 iiiut
883 2995 1143 3070 buombovnumz
1157 3009 1202 3068 ut·
1210 2999 1360 3069 daremru
1372 2996 1468 3066 vobis
1481 2995 1672 3090 vestrisque.

256 3121 395 3213 posteris
418 3129 452 3191 et
472 3121 509 3192 in
531 3131 713 3193 memorato
734 3133 847 3194 saneto
870 3131 903 3193 ut
923 3125 1101 3197 venerabili
1124 3135 1235 3198 vestro
1259 3123 1475 3195 monasterioz
1499 3123 1590 3193 omni
1614 3145 1673 3192 an·

256 3267 341 3316 uue:
373 3247 456 3320 idest
483 3247 743 3338 'responsaticum
771 3247 1006 3320 iasiol'mubei
1039 3249 1149 3319 modia
1181 3259 1323 3343 quatuor
1354 3257 1493 3318 tractum
1522 3256 1674 3340 paratum

256 3391 359 3464 ruqrre
382 3369 470 3442 intus
492 3379 587 3463 perta
617 3371 788 3444 maman
806 3371 924 3442 ‚saneti
947 3371 1195 3444 at'venerabiiis
1219 3373 1319 3444 vestri
1342 3371 1548 3442 monasterii:
1573 3390 1672 3442 nran-

255 3513 400 3572 amatum
424 3503 631 3574 atamodium
654 3505 799 3574 iusurmr
810 3511 843 3573 et
858 3523 917 3598 per
931 3502 1000 3598 ipsa
1014 3502 1162 3574 chartula
1178 3503 1326 3574 iecistitis
1340 3502 1434 3572 nobie
1449 3499 1670 3570 antestandum

255 3639 291 3698 ot
310 3629 557 3700 defensandum:
590 3639 624 3700 et
642 3627 734 3724 'quia
760 3632 882 3701 iterum
912 3651 974 3701 vos
997 3639 1179 3700 memorato
1202 3629 1335 3699 domino
1358 3627 1469 3720 filipp'o
1491 3625 1667 3696 venarabili

255 3757 409 3848 igumeno
432 3775 497 3824 una
521 3775 599 3825 curn
614 3769 729 3826 euntes
742 3767 847 3827 vestra
862 3759 1114 3850 congregatione
1129 3757 1365 3829 monachorum
1380 3753 1551 3824 nremorati
1566 3751 1670 3822 sancti

253 3889 286 3950 et
309 3877 501 3962 venerabilis
523 3879 624 3950 vostri
648 3881 858 3950 monasterii:
882 3882 1038 3954 dedistitis
1062 3905 1126 3953 una
1149 3905 1191 3951 ex
1216 3881 1285 3973 ipso
1307 3879 1410 3973 peties
1434 3881 1474 3950 de
1489 3884 1669 3947 memorata

252 4011 397 4074 terrast
420 3999 664 4072 nominatrrr'at
687 4001 792 4072 oaaale
816 4027 835 4072 a
859 4004 992 4097 quidem
1016 4003 1133 4097 angelo
1155 4000 1224 4073 filio
1248 4005 1413 4096 quondam
1436 4001 1584 4072 iohannis
1608 4002 1668 4096 qui

252 4134 387 4201 tumtur
421 4132 533 4224 bespir
567 4131 706 4202 abitatur
738 4132 773 4201 in
797 4130 965 4203 decanum
988 4139 1170 4204 memorato
1192 4131 1359 4205 territorio
1383 4129 1585 4202 cimiterenae
1607 4149 1668 4223 per·

252 4260 398 4332 chartula
421 4269 455 4329 at
479 4261 754 4354 responsaticum:
778 4283 842 4330 una
866 4283 944 4333 com
968 4262 1030 4332 alia
1052 4285 1118 4334 uua
1141 4260 1242 4354 petias
1266 4261 1432 4332 deterres
1455 4269 1561 4329 vostra
1584 4257 1670 4330 iuris

251 4395 433 4456 memorato
455 4396 567 4455 sancto
589 4394 623 4456 et
645 4383 823 4457 venerabili
847 4395 957 4458 vestro
988 4379 1206 4457 monasterius
1229 4391 1262 4455 et
1285 4381 1416 4455 uoheret
1439 4381 1502 4452 sivi
1534 4389 1567 4451 at
1590 4402 1667 4452 me-

250 4521 377 4580 morata
408 4511 510 4604 petias
534 4512 574 4581 de
598 4523 775 4585 memorata
808 4525 895 4586 terra
924 4537 990 4608 que
1017 4523 1153 4584 vocatur
1175 4520 1208 4582 at
1231 4511 1334 4582 casale
1357 4521 1391 4580 at
1413 4511 1467 4582 iile
1491 4511 1599 4604 gripta
1620 4509 1663 4581 ab

250 4657 319 4706 uuo
341 4636 440 4706 latere
463 4645 549 4707 terra
573 4635 707 4709 heredes
730 4638 880 4709 iohannis
903 4638 1081 4710 scauielatit
1107 4645 1140 4708 et
1162 4635 1203 4710 de
1219 4635 1285 4706 alio
1301 4637 1400 4707 latere
1425 4645 1511 4706 terra
1526 4633 1665 4704 heredes

249 4761 416 4856 quemdam
438 4761 562 4832 domiui
586 4763 685 4856 sergii
707 4763 852 4834 tribuni:
877 4767 917 4837 de
940 4789 1009 4837 uno
1032 4767 1137 4859 eapite
1161 4773 1210 4835 eat
1231 4761 1328 4836 limiti
1351 4760 1540 4855 publicumr
1566 4757 1665 4832 etde

250 4883 315 4955 alio
338 4883 442 4977 capite
465 4896 551 4955 terra
573 4897 682 4957 sancto
705 4887 821 4958 nolaue
844 4887 993 4961 eeclesier
1018 4897 1051 4959 et
1074 4898 1160 4960 terra
1184 4883 1380 4961 omninibus
1402 4882 1442 4954 de
1464 4879 1663 4954 cimiterium

250 5019 283 5092 et
309 5019 395 5086 terra
417 5009 549 5083 heredes
572 5013 740 5106 quondam
763 5014 888 5088 domiui
911 5014 1029 5090 alianis
1051 5023 1087 5088 ot
1109 5023 1195 5089 terra
1210 5009 1343 5086 hoedos
1357 5009 1528 5084 memorati
1547 5004 1665 5082 iohao·

495 5138 561 5210 Vol.
587 5142 655 5214 111.
1292 5149 1332 5216 1-6
