4876 6520
1440 587 1454 674 a
1483 583 1561 677 ιε)

784 743 911 816 delendi
936 763 1000 811 nou
1024 739 1226 833 potuerimus
1257 744 1295 809 ut
1325 737 1469 812 diximus
1500 734 1614 832 primis
1642 759 1702 810 nos
1725 738 1909 833 nostrisque
1940 736 2089 810 eredibus
2112 737 2207 812 vobis

784 870 843 965 qui
866 891 962 963 supra
987 867 1132 962 germani
1148 865 1326 962 vestrisque
1342 865 1490 941 eredibm
1503 889 1562 940 scu
1578 865 1618 938 ad
1634 866 1722 940 missi
1739 865 1840 938 nostri
1863 865 1904 938 de
1921 865 2063 938 colludio
2078 866 2204 966 legibus

791 995 899 1066 iurare
929 993 1109 1088 obligamus
1141 1003 1176 1066 et
1198 993 1284 1064 terre
1315 990 1487 1085 quamdam
1520 989 1616 1064 aliam
1646 997 1767 1060 tantm
1797 987 1948 1084 talesque
1978 999 2097 1060 terram
2129 1013 2204 1064 cum
2339 993 2346 1004 '

783 1123 955 1194 omnisne
979 1121 1105 1193 edificio
1135 1119 1239 1215 qualis
1272 1129 1305 1189 et
1336 1139 1401 1212 que
1432 1117 1524 1188 vobis
1547 1117 1664 1189 exinde
1695 1115 1823 1190 delendi
1848 1137 1914 1188 nou
1938 1116 2140 1210 potuerimus
2166 1129 2203 1188 ut

783 1247 932 1319 diximus.
957 1245 1019 1316 illis
1043 1243 1155 1314 diebus
1178 1243 1341 1316 inbonitur
1372 1264 1441 1315 essa
1469 1239 1582 1338 ibique
1612 1242 1648 1314 in
1671 1239 1831 1314 consimili
1854 1239 1927 1312 loco
1951 1241 2043 1314 vobis
2067 1245 2143 1316 dare
2167 1254 2200 1316 et

781 1382 959 1442 restaurare
983 1369 1164 1462 obligamus
1186 1390 1245 1462 per
1267 1366 1484 1440 firmissimam
1509 1366 1642 1460 scriptio
1674 1365 1853 1438 securitatis
1876 1374 1914 1438 ut
1935 1387 2062 1460 semper
2086 1389 2145 1438 vos
2169 1378 2201 1438 et

779 1499 893 1572 vestris
917 1497 1064 1570 caedibus
1079 1496 1166 1590 ipsos
1181 1495 1316 1569 tirmiter
1339 1495 1434 1568 abere
1457 1505 1490 1568 et
1511 1495 1675 1591 possidere
1696 1493 1828 1568 baleatis
1850 1494 2049 1568 defensatum
2073 1515 2199 1589 semper

777 1647 837 1696 uos
860 1634 893 1696 et
916 1646 973 1718 per
997 1621 1113 1694 nostris
1136 1619 1285 1694 eredibus
1307 1619 1348 1692 ab
1371 1619 1522 1694 omuibus
1544 1618 1730 1692 bominibus
1746 1619 1787 1696 ab
1802 1619 1957 1715 omnique
1979 1619 2136 1714 partibus.
2161 1620 2198 1690 lu

776 1747 990 1844 suprascripta
1012 1747 1145 1820 ratione.
1169 1748 1253 1820 Nam
1275 1747 1303 1820 si
1325 1768 1385 1819 uos
1408 1747 1466 1841 qui
1488 1767 1585 1842 supra
1607 1745 1731 1820 sellicto
1755 1754 1788 1818 et
1809 1747 1893 1841 petri
1916 1755 1950 1820 et
1964 1747 2042 1818 sassi
2058 1745 2197 1822 iohanne

777 1889 810 1948 et
832 1877 948 1972 angelo
972 1887 1004 1947 et
1027 1877 1110 1970 petri
1133 1875 1240 1946 martii
1263 1883 1297 1948 et
1319 1873 1458 1948 iohanne
1481 1884 1515 1948 et
1537 1873 1682 1948 meraldo
1705 1883 1739 1946 et
1753 1873 1893 1946 iohanne
1915 1871 2067 1970 gellinolr
2081 1883 2114 1948 et
2128 1897 2195 1946 uo-

777 2007 850 2078 stris
876 2004 1024 2076 eredibus
1048 2005 1130 2074 banc
1153 2011 1296 2074 nostram
1311 2001 1532 2076 cambiationis
1546 2001 1669 2078 cartub
1688 2003 1861 2099 abquaudo
1883 2025 1942 2098 per
1959 2005 2195 2100 qualecumque

776 2131 942 2224 ingenium
966 2131 1166 2224 dirrumpere
1189 2143 1245 2200 aut
1268 2129 1436 2202 remehone
1459 2130 1673 2226 quesierimus
1696 2131 1749 2204 rel
1772 2133 1883 2205 sinon
1897 2131 1990 2204 nobis
2005 2131 2196 2204 defensabo·

776 2256 878 2328 rimus
901 2265 934 2326 et
956 2277 1022 2326 nou
1045 2253 1138 2326 vobis
1160 2253 1429 2348 compleberimus
1451 2279 1490 2326 ea
1512 2253 1623 2326 omnin
1645 2275 1704 2349 par
1726 2253 1834 2350 ipsum
1856 2255 1971 2328 ordine
1994 2255 2076 2327 sicut
2093 2279 2191 2350 supe-

771 2383 841 2454 rius
863 2381 993 2474 legitur.
1027 2389 1157 2454 nenbrm
1179 2379 1356 2453 bisuntinos
1387 2379 1507 2453 solidos
1538 2403 1620 2476 pena
1643 2403 1702 2453 nos
1726 2392 1759 2454 ct
1784 2382 1900 2452 nostis
1924 2383 2073 2455 eredibus
2099 2383 2189 2454 vobis

771 2507 830 2601 qui
852 2525 949 2599 supra
973 2504 1117 2599 garmeni
1148 2512 1182 2576 et
1203 2505 1244 2578 ad
1268 2503 1382 2578 verbis
1414 2503 1564 2578 eredibus
1595 2527 1790 2600 componere
1820 2506 2002 2601 obligamus
2027 2518 2060 2580 et
2084 2509 2191 2580 omnia

772 2634 908 2705 firmiter
930 2631 1023 2704 vobis
1045 2651 1104 2725 per
1126 2631 1355 2726 compleamus.
1380 2637 1414 2704 et
1435 2631 1497 2706 bec
1519 2629 1741 2706 cambiationis
1755 2631 1878 2704 cartula
1895 2633 1934 2705 de
1952 2631 2092 2728 qualiter
2107 2655 2192 2702 cnu-

771 2762 850 2832 tinet
872 2761 964 2832 bura
993 2769 1177 2856 permaneat
1198 2781 1338 2856 semper.
1374 2769 1480 2834 umen
1513 2761 1720 2834 recordamur
1751 2760 1830 2855 quia
1856 2759 1891 2832 iu
1917 2760 2100 2853 supradicta
2126 2763 2191 2834 duo

768 2885 854 2978 petio
877 2885 917 2956 de
941 2891 1026 2956 terre
1049 2905 1114 2979 que
1136 2891 1213 2956 sunt
1233 2883 1372 2956 bandora
1379 2929 1483 2954 .....
1490 2883 1583 2956 uobis
1605 2884 1722 2956 exinde
1745 2883 1781 2954 in
1803 2881 1968 2956 cambium
1991 2885 2099 2958 modia
2123 2887 2186 2956 dua

768 3012 852 3082 sicut
875 3009 1096 3104 supradictum
1120 3017 1179 3083 est.
1212 3009 1308 3084 etde
1331 3009 1481 3082 iamdicta
1510 3011 1603 3096 tertia
1631 3009 1715 3104 petia
1748 3032 1813 3106 qne
1847 3010 1966 3083 dicitur
1989 3011 2100 3083 limata
2124 3013 2187 3084 mi

767 3157 846 3205 nore
870 3132 998 3208 dedistis
1020 3132 1113 3206 nobis
1136 3131 1253 3206 exinde
1276 3133 1385 3206 modin
1407 3133 1538 3225 triginta
1571 3153 1629 3228 per
1652 3132 1800 3204 iamdicta
1830 3134 1955 3206 radone
1978 3134 2062 3205 sicut
2085 3157 2187 3230 supe·

766 3257 835 3328 rius
859 3256 979 3350 legitur
1002 3263 1035 3326 et
1056 3253 1164 3329 taliter
1185 3275 1246 3333 nos
1267 3254 1328 3351 qui
1349 3275 1447 3350 supra
1472 3253 1594 3328 sellicto
1617 3264 1651 3328 et
1665 3257 1750 3350 petri
1764 3277 1851 3328 sasso
1865 3264 1898 3328 et
1912 3255 2053 3330 iohanne
2068 3260 2184 3354 angelo

767 3393 799 3451 et
822 3383 932 3456 martii
955 3390 988 3454 et
1010 3383 1150 3458 iohanne
1171 3378 1316 3454 meraldo
1340 3393 1373 3457 et
1395 3383 1490 3476 petri.
1523 3391 1557 3456 et
1587 3379 1727 3456 iobuuue
1749 3381 1903 3476 gallinola
1926 3382 2064 3477 qualiter
2086 3385 2180 3458 uobis

768 3529 949 3602 congruum
961 3508 1021 3580 luit
1033 3531 1094 3603 pro
1109 3507 1274 3601 largietnte
1288 3506 1463 3602 supradicti
1477 3504 1611 3600 gloriosi
1625 3507 1779 3602 principis
1792 3506 1928 3582 lecimus
1942 3517 1977 3583 et
1995 3519 2028 3580 te
2043 3509 2181 3583 iohanne

761 3636 888 3718 notario
911 3634 1051 3706 scribere
1073 3635 1269 3730 rogabimus
1291 3634 1413 3728 capua.
1437 3644 1547 3708 emen
1569 3635 1776 3709 recondamus
1798 3615 1875 3730 quia
1898 3657 1959 3712 nos
1981 3657 2093 3709 omnes
2117 3657 2179 3708 su-

760 3785 819 3855 pro
842 3761 1000 3836 nominati
1024 3761 1170 3834 dedimus
1194 3761 1252 3834 tibi
1267 3764 1326 3857 qui
1349 3783 1447 3856 supra
1463 3763 1595 3836 domiuo
1611 3761 1740 3850 atenolfi
1761 3765 1981 3838 incambium
1996 3764 2177 3860 supradicte

760 3901 846 3961 terre
870 3889 910 3960 de
932 3889 1116 3982 supradicto
1140 3887 1214 3961 loco
1236 3887 1383 3962 bitolacci
1406 3887 1491 3962 sieut
1512 3909 1611 3986 snper
1633 3892 1764 3987 legitur.
1795 3900 1828 3964 ot
1849 3891 1878 3964 si
1900 3893 1973 3988 plus
1996 3902 2083 3966 terre
2106 3913 2174 3964 no·

760 4013 811 4086 bis
833 4013 1026 4107 pertinentes
1049 4015 1216 4090 iubentem
1239 4017 1364 4090 dederis
1388 4037 1484 4112 supra
1506 4017 1657 4092 iamdicto
1680 4040 1831 4092 mensure
1851 4019 1886 4091 in
1900 4019 2084 4114 supradicto
2103 4017 2175 4089 loco

758 4140 908 4212 bitolacci
930 4139 1076 4210 similiter
1098 4139 1191 4212 vobis
1214 4140 1301 4234 ipsos
1322 4141 1359 4214 iu
1381 4142 1544 4216 cambium
1566 4142 1714 4216 dedimus
1742 4166 1802 4240 per
1824 4144 1885 4218 ista
1907 4145 2042 4218 carbula.
2075 4153 2115 4218 et·
2132 4147 2176 4218 its

757 4279 789 4342 te
813 4271 871 4366 qui
894 4292 991 4363 supra
1014 4268 1153 4341 iobauuo
1176 4271 1320 4342 notarius
1342 4269 1537 4364 subiungere
1559 4269 1756 4365 rogabimus

850 4401 882 4497 †
906 4421 968 4494 ego
990 4398 1201 4473 adelmundus
1223 4399 1325 4472 ludex
1348 4396 1380 4493 †
1402 4420 1464 4493 ego
1487 4397 1653 4492 paldolfrid
1687 4397 1718 4494 †
1740 4423 1804 4494 ego
1827 4397 2005 4476 audoaldus
2028 4399 2172 4474 notarius

1339 4687 1585 4728 «effle-
