4906 6520
934 648 1072 744 (itt)
1195 610 1199 618 V

291 812 362 874 tute
387 811 492 876 vestra
515 805 574 900 qui
598 825 657 876 vos
682 804 823 897 tetigerit
847 829 888 876 ex
911 806 980 900 ipsa
1003 829 1087 900 aqua
1104 829 1162 878 vos
1177 807 1269 880 vobis
1294 808 1417 880 iaeiatis
1430 811 1511 882 iliud
1526 812 1641 886 exinde
1658 825 1724 884 tm-

298 928 375 998 here
399 927 624 1000 conserbantes
647 951 706 1000 uns
732 929 825 1002 vobis
848 930 986 1004 ittuutn
1001 954 1141 1024 ergeuen
1156 941 1264 1004 nostra
1288 933 1355 1006 dies
1372 944 1446 1006 tres.
1470 936 1621 1008 ficulneas
1645 961 1723 1008 vern

300 1075 366 1146 que
390 1053 437 1122 ibi
457 1064 538 1124 sunt
559 1053 651 1124 omni
674 1075 783 1124 nunno
811 1078 909 1148 super
942 1081 1001 1128 vos
1033 1051 1176 1150 irugiere
1209 1058 1362 1130 debeatis.
1388 1069 1421 1130 et
1444 1060 1641 1156 quandoque
1665 1083 1725 1153 pro

299 1187 446 1269 tempure
470 1177 591 1248 ibidem
615 1179 655 1248 ad
680 1177 967 1250 vindemniandum
984 1181 1165 1252 direxeritis
1181 1183 1263 1256 duos
1278 1184 1426 1256 homines
1442 1195 1565 1256 vestros
1581 1187 1725 1258 enutrire

183 1391 193 1404 .
301 1305 473 1376 debeamus
496 1317 534 1376 ut
557 1307 681 1378 iustum
705 1306 815 1378 inerit.
842 1309 949 1400 ipsum
972 1330 1016 1378 ex
1038 1316 1128 1400 parte
1143 1333 1185 1379 ex
1200 1311 1308 1402 ipsum
1330 1313 1469 1382 fundum
1493 1322 1652 1406 quantum
1668 1336 1728 1406 per

296 1443 495 1508 ,memoratos
518 1433 672 1527 termines
695 1433 962 1526 exegreguvimus
985 1433 1020 1502 in
1043 1442 1153 1506 nostru
1176 1436 1218 1506 sit
1241 1447 1432 1528 potestatem
1458 1439 1584 1508 tenendi
1608 1458 1641 1507 et
1665 1440 1726 1508 du-

302 1557 444 1628 miuandi
469 1565 501 1626 et
524 1579 622 1650 super
646 1579 706 1628 nos
730 1559 892 1648 frugiandi
916 1557 1028 1630 subtus
1052 1569 1084 1630 et
1108 1581 1205 1651 super
1228 1561 1314 1630 unde
1338 1561 1458 1631 nuliam
1483 1573 1606 1654 partem
1631 1563 1724 1634 nobis

302 1682 417 1752 exinde
442 1682 593 1775 querelis.
618 1683 841 1752 tantummodo
864 1681 957 1752 vobis
981 1681 1097 1752 exinde
1120 1683 1197 1751 dare
1221 1683 1392 1752 debeamus
1416 1687 1506 1755 omni
1530 1711 1638 1757 annun
1664 1713 1722 1781 pa-

301 1806 351 1877 lea
375 1807 498 1878 trelieia
521 1829 650 1877 carrum
674 1829 777 1876 unum
801 1815 939 1876 tractum
962 1829 1076 1900 usque.
1102 1808 1188 1878 intus
1204 1819 1388 1912 memorate¹
1404 1821 1511 1879 vestro
1529 1816 1722 1885 monasterio

303 1938 413 2027 gratis.
441 1936 541 2004 alium
577 1956 657 2003 vero
681 1933 882 2026 pulmentum
907 1943 940 2002 et
963 1935 1197 2027 susceptorium
1229 1957 1324 2006 suum
1347 1935 1405 2030 qui
1429 1937 1533 2006 estin
1556 1939 1615 2007 ista
1643 1963 1725 2030 por-

302 2063 423 2132 tionem
447 2083 546 2154 quem
570 2059 651 2168 mibi
674 2058 803 2130 dedistis
827 2084 869 2131 ex
892 2061 999 2156 ipsum
1022 2061 1158 2132 iundum
1181 2063 1215 2132 in
1239 2067 1346 2132 vestra
1369 2064 1554 2136 reservastis
1579 2074 1725 2158 potesta-

303 2201 377 2262 tem.
401 2191 498 2262 etiam
522 2201 656 2284 quantas
680 2215 780 2282 aquas
804 2213 863 2259 vos
886 2199 919 2261 et
942 2191 1065 2261 omines
1089 2190 1204 2260 vestris
1236 2201 1268 2261 et
1297 2187 1444 2262 homines
1467 2193 1525 2286 qui
1549 2193 1725 2264 habueritis
1811 2215 1813 2232 ’

304 2317 343 2388 sd
367 2319 551 2391 avitandum
578 2319 612 2387 in
636 2319 742 2410 ipsum
765 2285 1017 2414 reliquumque
1043 2317 1136 2386 vobis
1160 2297 1369 2409 preservastis
1392 2343 1431 2388 ex
1461 2319 1566 2412 ipsum
1590 2287 1725 2391 fundunt

281 2455 447 2518 -vesuum
480 2444 573 2516 vobis
602 2453 638 2514 et
666 2451 699 2512 at
730 2443 775 2512 eis
807 2465 971 2513 necessum
987 2427 1101 2513 'fuerit
1133 2441 1171 2511 de
1204 2443 1271 2534 ipsa
1295 2441 1441 2534 pisehina
1464 2451 1569 2513 vestra
1593 2443 1722 2516 licerem

305 2569 425 2640 abeatis
448 2569 529 2640 iilud
555 2567 664 2638 tollere
691 2565 816 2636 exinde.
840 2575 888 2634 set
911 2565 988 2658 ipsis
1020 2565 1133 2635 vestris
1166 2564 1359 2634 bominibus.
1386 2590 1452 2660 que
1475 2566 1520 2636 ibi
1544 2567 1643 2638 abetis
1668 2569 1720 2638 vel

307 2691 460 2762 abueritis
483 2713 542 2761 nos
565 2690 711 2782 adubare
735 2689 851 2759 debeas
874 2699 906 2758 at
930 2692 1114 2781 ponendum
1138 2689 1206 2782 ipsa
1231 2712 1332 2783 equas
1359 2691 1395 2759 in
1415 2689 1483 2783 ipsa
1509 2691 1653 2784 piscbina
1667 2714 1726 2762 ne-

305 2826 379 2884 stra.
404 2817 535 2885 iurnum
559 2836 638 2885 vere
662 2813 720 2906 qui
744 2813 850 2884 estin
875 2812 938 2882 boc
961 2814 1019 2906 qui
1043 2811 1124 2881 mibi
1147 2811 1278 2883 dedistis
1301 2813 1342 2882 sit
1366 2835 1537 2883 commune
1568 2814 1652 2886 inter
1666 2837 1724 2902 nus

307 2951 338 3010 et
361 2942 437 3034 ipsis
461 2939 646 3010 bominibus
670 2939 728 3030 qui
753 2937 854 3007 abetis
878 2947 911 3006 et
934 2935 1088 3006 abueritis
1111 2936 1145 3006 iu
1169 2935 1276 3028 ipsum
1300 2935 1461 3030 reliquum
1486 2937 1544 3032 qui
1560 2938 1653 3009 vobis
1668 2961 1722 3007 re-

306 3067 455 3138 servastis
479 3091 520 3138 ex
546 3065 651 3159 ipsum
685 3065 822 3136 iundum
852 3074 1005 3134 vestrum.
1039 3061 1158 3131 Duieas
1181 3079 1245 3153 que
1270 3059 1370 3130 abetis
1394 3061 1428 3130 in
1453 3059 1516 3130 boe
1539 3061 1598 3156 qui
1630 3062 1723 3131 nubis

308 3191 437 3262 dedistis
460 3190 495 3259 in
516 3202 623 3259 vestra
647 3188 711 3259 sint
735 3197 932 3280 potestatem.
957 3195 1005 3256 set
1027 3186 1062 3255 iu
1078 3185 1172 3279 quale
1198 3183 1330 3254 duleum
1354 3207 1412 3254 vus
1437 3184 1549 3254 vinum
1574 3208 1639 3254 nnn
1662 3208 1723 3278 po-

307 3313 435 3384 sueritis
459 3312 487 3381 si
511 3335 570 3382 nus
593 3311 715 3382 ibidem
739 3312 854 3380 vinum
886 3332 1006 3404 ponere
1038 3307 1238 3380 voluerimus
1267 3311 1300 3378 in
1325 3317 1433 3379 nostra
1457 3310 1498 3380 sit
1521 3319 1721 3403 potestatem.

306 3451 338 3508 et
362 3421 541 3506 nullatenus
564 3435 791 3528 presummetis
826 3456 885 3504 vos
914 3444 970 3504 aut
997 3433 1133 3526 posteris
1166 3433 1281 3516 vestris
1306 3456 1364 3503 nec
1395 3433 1537 3505 babeatis
1560 3434 1723 3504 licentiam
1815 3435 1825 3459 ⁰

307 3559 366 3630 bet:
390 3567 548 3652 quantum
572 3557 718 3650 superius
751 3556 844 3626 nobis
867 3555 998 3626 dedistis
1034 3555 1115 3626 mibi
1138 3567 1170 3626 et
1195 3557 1339 3649 ipsorum
1369 3557 1443 3626 filiis
1467 3557 1548 3626 meis
1573 3555 1721 3626 masculis

309 3685 376 3754 vite
413 3692 522 3751 nostre
547 3689 580 3748 at
603 3703 688 3750 unus
712 3701 773 3772 pro
796 3679 877 3750 alius
900 3679 991 3750 vibes
1015 3693 1251 3770 premortuus
1276 3677 1386 3785 tollere
1409 3699 1467 3770 per
1498 3675 1625 3746 nullum
1649 3699 1722 3748 mn-

312 3809 391 3879 dum
416 3829 475 3878 nee
499 3829 557 3898 per
581 3805 760 3880 summissis
783 3803 939 3896 personis.
960 3827 1019 3874 nus
1041 3805 1122 3877 bene
1137 3804 1317 3879 laverantes
1333 3813 1365 3875 et
1380 3801 1588 3896 adimplentes
1611 3803 1720 3872 omnia

307 3945 495 4008 memorata.
521 3943 628 4027 preter
651 3934 678 4002 si
702 3931 867 4002 bominem
891 3955 966 4003 eum
990 3933 1089 4004 vobes
1112 3943 1236 4006 vestros
1259 3933 1378 4005 ibidem
1406 3955 1525 4036 penere
1554 3927 1736 4004 volueritis·

310 4065 350 4134 ad
374 4059 561 4131 avitandum
594 4067 625 4128 et
649 4055 859 4126 lavorandum
883 4057 1046 4129 lieentiam
1072 4057 1214 4129 babeatis
1237 4057 1331 4127 nobis
1354 4055 1434 4126 illud
1457 4053 1583 4126 tollere.
1606 4063 1655 4126 set
1678 4053 1717 4125 de

310 4192 450 4284 phennm
475 4199 508 4259 et
531 4189 572 4258 de
595 4185 756 4278 legumina
782 4193 851 4254 tum
874 4206 933 4254 nos
956 4208 1021 4255 uon
1045 4185 1176 4256 eiciatis.
1204 4185 1289 4270 Quia
1318 4183 1363 4252 ita
1385 4183 1478 4255 nobis
1512 4182 1716 4276 complacui:

310 4321 344 4389 Si
368 4329 475 4389 antem
498 4337 560 4408 ego
584 4323 640 4384 aut
663 4311 742 4406 ipsis
767 4312 841 4383 utiis
867 4313 947 4384 meis
971 4315 1121 4385 masculis
1145 4338 1226 4409 quos
1242 4314 1346 4388 babeo
1361 4315 1413 4388 vel
1435 4313 1579 4386 habuero
1603 4311 1721 4412 quovis

311 4455 456 4535 tempore
480 4449 591 4510 eontra
616 4437 700 4510 bane
722 4438 900 4510 ebartuiam
932 4438 1155 4532 promissionis
1184 4449 1221 4511 ut
1248 4461 1345 4534 super
1368 4439 1486 4534 legitur
1509 4439 1619 4512 venire
1642 4465 1722 4535 pre-

311 4567 544 4663 sumpserimus
567 4573 600 4638 et
623 4567 658 4638 in
672 4567 797 4662 aliquid
812 4566 924 4640 odensi
940 4569 1098 4638 fuerimus
1114 4591 1172 4663 per
1187 4568 1307 4662 quovis
1323 4568 1456 4639 modum
1473 4575 1528 4636 unt
1543 4567 1722 4638 summissis

311 4691 464 4787 pemunis.
489 4699 567 4763 tune
590 4689 815 4785 componimus
837 4689 932 4764 vobis
958 4691 1173 4787 posterisque.
1202 4689 1275 4762 auri
1298 4689 1418 4763 solidos
1439 4689 1571 4784 triginta
1585 4711 1643 4762 sex
1664 4689 1726 4786 by-

312 4819 492 4912 tbiantens:
515 4824 547 4889 et
570 4815 649 4888 baec
673 4811 818 4887 rbartnla
845 4825 885 4888 ut
912 4835 1011 4910 super
1033 4815 1154 4910 legitur
1176 4816 1219 4890 sit
1241 4817 1358 4890 mma:
1389 4815 1507 4911 scripta
1531 4837 1590 4911 per
1611 4837 1726 4890 munus

1236 4961 1240 4970 .
1379 4941 1393 4974 a
1516 4927 1538 4986 x·
1734 4939 1736 4944 ·
