4906 6520
1387 641 1533 740 (rte)

1335 961 1340 971 ·
1362 928 1554 1004 Gsttxxut

616 1231 667 1280 an.
834 1193 930 1292 †ln
954 1187 1084 1262 uomina
1108 1183 1232 1258 ddmini
1255 1179 1479 1253 tertiodecimo
1504 1198 1589 1250 auno
1604 1175 1804 1272 principatus
1826 1173 1953 1248 domiui
1981 1174 2086 1246 nostri
2112 1179 2166 1248 lo·

545 1375 547 1381 ,
593 1342 679 1407 996.
737 1321 848 1396 benni.
864 1327 897 1391 et
911 1317 1049 1412 septim
1066 1333 1151 1382 anno
1166 1309 1365 1406 principatus
1382 1306 1506 1378 domini
1526 1305 1690 1400 ,guum
1714 1304 1785 1376 eius
1807 1303 1879 1376 lilii.
1906 1301 2042 1396 gloriosi
2065 1303 2164 1399 prin-

736 1446 863 1541 cipibus
886 1460 997 1514 mense
1012 1437 1195 1510 februarius
1210 1456 1296 1505 nona
1319 1432 1506 1506 indictione.
1522 1431 1791 1546 memoratorium
1806 1431 1895 1502 tectu
1909 1454 1929 1498 a
1943 1453 1997 1503 me
2016 1455 2108 1504 sasur
2123 1435 2160 1508 de

735 1595 776 1643 eo
799 1567 888 1665 quod
911 1577 985 1638 aute
1015 1562 1179 1661 presentia
1212 1559 1335 1632 domini
1369 1555 1540 1652 grimoaldi
1572 1555 1763 1628 venerahilis
1795 1555 2031 1651 archiepiscopi
2056 1572 2160 1634 senen

734 1699 818 1772 sedis
842 1696 1042 1770 salernitane.
1074 1705 1107 1765 et
1134 1691 1246 1787 ibique
1279 1697 1353 1761 ante
1381 1709 1458 1758 eum
1484 1696 1602 1762 astaret
1626 1686 1785 1760 atenolfus
1809 1685 1909 1758 iudex
1943 1711 2004 1780 pm
2028 1709 2102 1782 pars
2125 1697 2157 1762 et

732 1826 804 1898 hice
829 1825 930 1918 ipsius
953 1829 1062 1894 sancte
1085 1819 1169 1892 sedis
1193 1817 1346 1913 guadiam
1368 1817 1452 1888 mihi
1476 1817 1633 1888 dedorunt
1656 1813 1830 1907 gaudiosus
1853 1823 1979 1886 amatus
2003 1823 2037 1886 et
2060 1815 2154 1889 selli-

733 1961 804 2026 rtus
827 1951 995 2046 presbyter
1018 1947 1164 2044 germani
1189 1947 1248 2020 filii
1271 1945 1453 2041 grimoaldi.
1477 1956 1511 2016 et
1525 1943 1680 2016 amandus
1694 1942 1779 2020 tilius
1796 1942 1957 2036 gaudiosi.
1975 1953 2007 2016 at
2023 1966 2057 2016 ae
2073 1944 2150 2038 ipsis

733 2076 927 2150 mediatores
951 2073 1033 2144 mihi
1056 2080 1281 2167 posueruntet
1303 2095 1363 2167 pro
1386 2072 1455 2167 ipsa
1478 2069 1596 2164 guadia
1619 2068 1847 2162 obligaverunt
1868 2089 1902 2139 se
1918 2077 1950 2140 et
1963 2068 2031 2140 suis
2054 2067 2150 2140 here-

733 2207 828 2281 dibus
858 2217 897 2278 ut
926 2205 955 2276 si
985 2202 1158 2298 aliquando
1182 2212 1328 2296 tempore
1352 2203 1505 2274 daeuram
1530 2209 1587 2272 aut
1609 2199 1813 2270 vindievnnm
1838 2197 1964 2268 abuerit
1988 2197 2086 2270 rehtu
2111 2197 2153 2270 de

730 2335 841 2408 locum
872 2335 986 2407 uliarie
1016 2335 1106 2429 quod
1129 2333 1192 2403 illis
1215 2333 1315 2404 modo
1337 2347 1398 2424 per
1420 2331 1513 2404 firma
1537 2329 1683 2401 chartule
1706 2351 1765 2426 per
1788 2329 2026 2401 absolutionem
2050 2328 2150 2424 ipsius

730 2463 855 2536 domiui
879 2461 1106 2556 archipresulis
1129 2471 1324 2556 paraverunt
1348 2461 1389 2532 da
1415 2458 1535 2533 mulier
1555 2460 1686 2533 nomine
1711 2459 1852 2557 pretiosa
1876 2468 1910 2532 et
1934 2461 1976 2533 da
1991 2460 2146 2532 musaudo

706 2591 798 2664 ¹tillo
830 2590 910 2661 eius.
946 2612 1014 2662 nou
1045 2589 1142 2661 abere
1173 2597 1365 2684 potestatem
1395 2588 1591 2686 cuicumque
1619 2589 1693 2660 illut
1719 2589 1797 2663 dare
1827 2589 2003 2686 pernulla
2026 2589 2151 2662 ratione

727 2727 837 2815 preter
860 2720 894 2790 in
918 2719 1065 2815 partibus
1088 2719 1188 2814 ipsius
1213 2719 1459 2814 archiepiscopii
1484 2719 1557 2790 illut
1580 2718 1715 2790 vindere
1731 2721 1770 2792 ad
1787 2721 1875 2793 iusto
1896 2720 2040 2814 pretium
2062 2720 2149 2816 quod

728 2846 813 2918 iuste
836 2846 935 2918 tuerit
958 2846 1172 2941 appretiatum
1196 2854 1229 2920 et
1252 2845 1370 2918 famant
1403 2845 1478 2917 inde
1505 2843 1587 2914 sclre
1610 2843 1755 2937 partibus
1778 2845 1880 2938 ipsius
1903 2841 2149 2938 archiepiscopii

725 2993 785 3064 per
808 2969 882 3041 illut
905 2971 1079 3043 emendum
1102 2993 1207 3066 usque
1231 2969 1299 3043 dies
1323 2971 1462 3064 tregintc
1486 2991 1553 3042 sex.
1577 2979 1610 3039 et
1634 2969 1662 3040 si
1688 2969 1772 3040 infra
1794 2969 1864 3064 lpse
1893 2969 2064 3040 constituta
2088 2990 2148 3038 no·

724 3099 822 3170 luerit
845 3099 918 3169 illut
941 3122 1048 3170 emero
1072 3107 1105 3168 et
1129 3101 1206 3170 dare
1229 3098 1304 3172 inde
1329 3099 1462 3171 illorum
1478 3097 1565 3170 iusto
1581 3097 1720 3170 baliente
1736 3101 1880 3192 pretium
1894 3107 1974 3171 tuuc
1989 3105 2063 3192 post
2076 3097 2144 3192 ipsa

724 3224 899 3296 constituta
923 3224 1034 3326 liceret
1057 3224 1120 3296 illis
1145 3234 1178 3298 et
1201 3226 1334 3296 illorum
1362 3225 1534 3297 heredibus
1557 3225 1640 3298 illut.
1671 3226 1759 3298 dare.
1795 3224 1850 3294 cui
1873 3223 2046 3300 boluerint.
2070 3247 2144 3295 nam

724 3359 828 3422 stante
852 3352 921 3444 ipsa
944 3352 1119 3424 constituta
1143 3353 1339 3448 cuicumque
1371 3354 1440 3427 sine
1469 3357 1629 3427 solutione
1654 3357 1693 3427 de
1718 3355 1863 3448 partibus
1886 3354 1987 3448 ipsius
2012 3354 2143 3427 archie-

723 3474 860 3568 piscopii
883 3475 957 3546 illut
981 3475 1113 3548 dederit.
1137 3477 1222 3548 sicut
1246 3479 1285 3550 de
1301 3485 1458 3573 potestate
1483 3478 1615 3552 illorum
1639 3501 1707 3551 esse
1731 3478 1942 3550 subeuntum
1970 3489 2049 3551 tunc
2074 3481 2141 3550 sine

723 3602 864 3696 pretium
896 3601 1097 3674 rebertcrent
1129 3602 1164 3674 in
1196 3623 1270 3698 pars
1299 3605 1400 3699 ipsius
1424 3604 1669 3700 archiepiscopii
1692 3628 1752 3699 pro
1776 3628 1816 3681 cc
1840 3607 1928 3703 quod
1951 3605 2049 3678 rebus
2072 3607 2141 3701 ipsa

723 3732 763 3801 ad
787 3731 851 3803 illis
874 3741 908 3802 et
932 3733 972 3805 ad
995 3727 1067 3805 aliis
1091 3733 1223 3806 illomm
1246 3735 1451 3807 consortibus
1475 3736 1675 3807 insertione
1699 3736 1832 3812 obvenit
1847 3761 1865 3806 a
1881 3736 2025 3831 partibus
2040 3736 2140 3830 ipsius
2181 3735 2187 3748 '

721 3856 977 3952 archiepiscopii.
1011 3868 1045 3929 et
1076 3861 1123 3930 sic
1151 3881 1207 3930 eos
1232 3883 1291 3952 per
1314 3860 1376 3954 ipsi
1400 3857 1494 3931 brebi
1518 3857 1687 3938 dihisionis
1714 3859 1751 3932 in
1781 3860 1926 3956 partibus
1959 3859 2059 3954 ipsius
2087 3882 2138 3929 ar·

650 4081 660 4086 ⁶
720 3985 928 4081 ehiepiscopii
961 3987 1146 4060 abincatum
1179 3989 1270 4060 abuit
1294 3999 1327 4060 et
1349 4011 1410 4082 pro
1443 3987 1562 4090 quibus
1594 3989 1661 4082 ipsa
1685 3997 1787 4061 mater
1810 3997 1843 4060 et
1866 3989 1951 4062 tilius
1974 4012 2032 4060 sue
2067 4009 2136 4060 aor-

719 4112 818 4183 ticuis
842 4113 883 4183 nd
906 4114 969 4207 ipsi
992 4115 1151 4187 nominati
1174 4117 1258 4189 sicut
1290 4115 1433 4190 diximus
1460 4089 1750 4188 venumdederunt.
1772 4115 1910 4212 proinde
1941 4117 2010 4210 ipsa
2044 4115 2135 4185 ohli-

719 4235 849 4331 gatione
872 4238 908 4308 in
932 4237 1086 4333 'pisentibus¹
1114 4240 1216 4336 ipsius
1248 4241 1496 4336 archiepiscopii
1530 4242 1593 4338 ipsi
1622 4241 1830 4338 suprascripti
1860 4244 2018 4316 fecerunt.
2044 4250 2078 4313 et
2110 4243 2139 4313 si

717 4365 825 4438 taliter
848 4369 958 4440 omnia
980 4372 1196 4466 suprascripta
1219 4375 1254 4442 in
1278 4371 1424 4482 partibps
1445 4371 1548 4465 ipsius
1563 4369 1808 4466 archiepiscopii
1826 4393 1892 4442 non
1908 4370 2131 4466 adimpleverit

716 4500 749 4564 ct
773 4491 888 4588 aliquit
910 4494 1027 4570 exinde
1050 4498 1219 4569 remobens
1243 4507 1299 4568 aut
1324 4507 1471 4567 contrare
1495 4497 1659 4591 quesierit
1684 4520 1745 4592 pro
1768 4497 1837 4593 ipsa
1852 4499 1970 4594 guadio
1994 4519 2133 4592 compo-

714 4643 792 4694 ncro
815 4623 1042 4720 obligaverunt
1064 4647 1099 4699 se
1122 4635 1155 4702 et
1178 4627 1245 4698 suis
1268 4625 1442 4698 heredibus
1465 4625 1663 4722 inpartibus
1686 4629 1785 4723 ipsius
1809 4627 2055 4723 archiepiscopii
2078 4627 2134 4698 bi-

714 4749 797 4842 ginti
820 4751 893 4826 anri
916 4751 1037 4825 solidos
1060 4751 1342 4824 constantiniauos.

1299 4961 1544 4999 ’‘mmm-
