4906 6520
628 1331 691 1402 94.

1390 673 1538 768 (cs)

1322 1031 1324 1036 .
1364 959 1548 1034 CCXXXV.

836 1221 866 1316 †
883 1225 919 1290 ln
936 1219 1066 1304 nomina
1081 1215 1206 1286 domini
1222 1214 1274 1284 dei
1290 1210 1458 1282 salvatoris
1475 1210 1575 1280 nostri
1592 1209 1686 1280 lhesu
1702 1209 1820 1280 Christi
1836 1210 2018 1304 imperante
2035 1157 2165 1287 domino

713 1395 715 1400 -
741 1359 851 1417 nostro
875 1342 989 1413 basilio
1013 1362 1140 1432 magno
1157 1341 1355 1430 Imperatore
1379 1357 1464 1404 anno
1488 1335 1653 1406 tricesimo
1677 1345 1809 1427 quarto:
1826 1335 1882 1404 sed
1906 1346 1939 1405 ct
1963 1331 2191 1414 constantino

740 1475 839 1542 trater
855 1469 924 1539 eim
941 1488 1062 1560 magno
1077 1469 1275 1560 Imperatore
1290 1487 1377 1534 anno
1393 1463 1734 1558 tricesimo'primmo:
1752 1463 1805 1534 die
1820 1465 2032 1537 nonadecima
2047 1473 2164 1541 mensis

739 1599 832 1691 apriti
850 1597 1024 1668 indictione
1040 1595 1176 1688 septima
1191 1592 1333 1685 neapoli:
1349 1592 1617 1686 Per-dispositum
1632 1591 1772 1686 denique
1786 1591 1958 1684 disponere
1973 1603 2007 1662 et
2024 1591 2165 1667 iudicare

739 1727 850 1820 itaque
864 1723 932 1794 visa
948 1721 1008 1794 tuit
1025 1720 1189 1816 quondam
1204 1717 1305 1786 maria
1322 1717 1386 1789 ntis
1403 1718 1565 1810 quondam
1581 1715 1713 1786 iohanni
1729 1715 1856 1786 ferrarii
1870 1715 1923 1786 cui
1936 1738 2033 1811 supra
2045 1737 2164 1790 nomen

739 1873 834 1924 muca
851 1849 986 1946 quirun
1001 1840 1121 1918 coniux
1136 1843 1268 1939 quidem
1284 1844 1399 1916 cesarii
1413 1852 1450 1914 ut
1465 1853 1498 1914 at
1515 1863 1610 1914 suum
1627 1842 1798 1912 transitum
1813 1841 1890 1912 dare
1905 1863 1968 1936 pro
1985 1843 2092 1914 anima
2106 1869 2161 1916 sna

740 1986 920 2049 memorato
943 1975 1067 2046 cesamo
1090 1975 1163 2044 viro
1190 1995 1249 2043 suo
1273 1971 1358 2043 unde
1373 1969 1524 2042 voluerit
1547 1971 1629 2050 idest
1645 1969 1718 2040 auri
1734 1967 1795 2038 tari
1809 1968 1927 2062 viginti
1943 1980 2102 2064 quatuor:
2130 1981 2163 2039 et

740 2102 802 2172 iret
825 2125 883 2194 per
908 2099 1055 2170 manibus
1071 2098 1189 2168 nocuis
1206 2095 1355 2166 videlieet
1368 2093 1521 2188 megaris
1536 2092 1672 2164 ferrario
1696 2093 1763 2164 filio
1777 2095 1942 2188 quondam
1957 2093 2111 2165 iohanni:
2131 2105 2165 2165 et

726 2215 878 2294 'iohanne
893 2223 1030 2292 terrario
1047 2221 1113 2292 titio
1129 2221 1293 2316 quondam
1310 2220 1394 2314 petri
1412 2217 1539 2290 ferrarii
1556 2218 1610 2290 cui
1634 2239 1732 2311 supra
1757 2240 1874 2322 nomen
1892 2217 1984 2288 corbi
2001 2217 2161 2289 distribu-

677 2417 681 2424 .
740 2351 864 2421 toribus
880 2351 967 2420 eius:
992 2359 1024 2419 et
1049 2349 1154 2442 ipsum
1169 2349 1310 2442 pretium
1325 2347 1590 2418 distribueremus
1608 2345 1682 2414 illos
1697 2367 1757 2438 pro
1776 2368 1834 2414 sua
1849 2344 2079 2442 hanima'sicut
2095 2347 2163 2438 ipsa

738 2480 830 2550 nobis
845 2479 1018 2571 disposuit:
1043 2489 1075 2547 et
1094 2478 1178 2549 sicut
1193 2477 1265 2571 ipsu
1282 2477 1473 2570 dispositum
1489 2475 1559 2546 eius
1573 2473 1732 2544 continet:
1749 2483 1781 2544 et
1798 2473 1827 2544 si
1842 2481 2021 2544 memorato
2038 2476 2159 2544 cesario

737 2603 810 2672 viro
833 2625 893 2672 suo
917 2611 973 2670 aut
997 2602 1059 2670 alia
1083 2601 1198 2696 quabis
1222 2622 1376 2695 personas
1391 2601 1431 2670 de
1447 2609 1661 2670 memoratum
1686 2598 1827 2692 pretium
1844 2597 1989 2692 qualibet
2005 2597 2161 2668 dilatione

664 2811 670 2816 ,
738 2741 793 2800 aut
817 2731 1041 2802 contrarietate
1058 2731 1150 2802 nobis
1167 2731 1278 2802 feeerit
1296 2741 1331 2801 et
1346 2703 1488 2802 noluerit
1505 2730 1598 2802 nobis
1612 2727 1690 2800 darc
1707 2726 1877 2798 memorati
1894 2727 1955 2798 tari
1971 2749 2054 2823 quos
2068 2749 2161 2820 snpe-

735 2855 805 2924 rius
829 2877 890 2948 pro
914 2857 1023 2924 anima
1045 2878 1103 2926 sua
1122 2855 1277 2926 iudicabit
1300 2865 1378 2927 tunc
1394 2853 1556 2925 licentiam
1573 2866 1605 2924 et
1621 2864 1812 2948 potestatem
1829 2855 1999 2927 aberamus
2015 2879 2077 2930 nos
2093 2879 2162 2928 me·

735 2983 869 3054 moratis
895 2983 1117 3054 distributores
1141 2984 1349 3077 atpreenderc
1372 2982 1406 3052 in
1430 2981 1539 3051 omnia
1562 3003 1620 3052 sua
1643 2981 1820 3054 hereditate
1843 3004 1901 3054 sou
1915 2982 2092 3055 substantia
2117 2984 2157 3054 de

734 3111 821 3181 intus
845 3123 878 3180 et
903 3112 982 3182 foris
1006 3112 1064 3180 ubi
1093 3110 1187 3180 nobis
1214 3109 1391 3204 placuerit:
1415 3121 1447 3180 et
1471 3110 1668 3180 venumdare
1691 3110 1745 3181 cui
1778 3110 1996 3182 voluerimus:
2032 3123 2160 3184 tantuna

735 3245 844 3304 autem
871 3235 976 3326 inquit
1000 3234 1084 3305 unde
1109 3234 1280 3303 memorati
1293 3299 1294 3302 ,
1305 3233 1368 3303 tari
1390 3233 1598 3302 toileremus:
1614 3243 1646 3303 et
1662 3233 1708 3302 sic
1724 3233 1990 3305 distribucrcmus
2007 3235 2080 3305 illut
2098 3260 2157 3329 pro

734 3385 792 3432 sua
816 3359 947 3429 hanima
970 3361 1053 3428 sicut
1076 3359 1146 3451 ipso
1170 3358 1361 3452 dispositum
1385 3381 1481 3428 suum
1497 3359 1680 3428 continent:
1697 3369 1730 3430 et
1745 3343 1823 3454 quia
1838 3373 2018 3433 memorato
2035 3364 2157 3432 cesario

733 3489 807 3558 viro
822 3511 882 3560 suo
898 3509 956 3556 nee
972 3488 1038 3556 suis
1051 3485 1222 3556 heredibus
1236 3486 1343 3579 ipsum
1356 3486 1497 3580 pretium
1512 3485 1618 3556 noluit
1635 3488 1728 3558 nobis
1744 3489 1832 3558 dare:
1852 3487 1993 3558 hiccirco
2007 3489 2158 3560 conbenit

734 3617 823 3687 inter.
842 3638 901 3686 nos
916 3617 1102 3685 memoratis
1118 3614 1357 3686 distributores:
1375 3629 1407 3685 et
1423 3616 1573 3688 videlicet
1588 3617 1742 3710 stephano
1757 3618 1952 3710 negotiatori
1967 3617 2034 3688 filio
2052 3641 2158 3711 quon-

734 3744 807 3812 dam
826 3742 975 3812 iohanni:
998 3753 1031 3811 et
1045 3767 1063 3810 a
1079 3743 1219 3836 presenti
1235 3741 1359 3835 disper
1375 3742 1457 3816 hanc
1473 3743 1618 3814 chartula
1635 3717 1904 3814 venumdedimus
1920 3754 1952 3812 ct
1966 3742 2157 3813 tradidimus

732 3869 791 3938 tibi
809 3877 990 3938 memorato
1005 3866 1160 3959 stephano
1175 3867 1384 3960 negotiatori:
1398 3869 1482 3938 idest
1495 3867 1604 3938 inclita
1621 3891 1685 3938 una
1697 3867 1782 3960 petia
1794 3868 1901 3938 suade
1916 3877 2001 3937 terra
2016 3865 2056 3937 de
2071 3871 2157 3938 terra

732 4013 796 4084 que
820 3991 953 4083 ponitur
976 3992 1011 4063 in
1036 4013 1151 4084 campo
1175 3993 1215 4063 de
1238 3991 1364 4061 miana:
1389 4013 1553 4062 unacum
1578 3989 1748 4060 arboribus
1772 3999 1805 4059 et
1822 3989 1996 4059 introitum
2011 4009 2108 4060 suum
2124 4001 2156 4059 et

732 4115 881 4188 omnibus
895 4117 956 4188 sivi
971 4116 1218 4210 pertinentibus:
1233 4115 1413 4212 pertinente
1426 4116 1465 4186 ad
1478 4139 1515 4185 ea
1528 4139 1587 4209 per
1597 4128 1806 4208 parentorum
1818 4137 1969 4185 suorum:
1984 4114 2157 4186 coherente

699 4283 703 4292 ·
731 4241 793 4311 aivi
809 4242 849 4311 ab
864 4266 932 4314 uno
954 4243 1054 4314 latere
1078 4255 1163 4316 terra
1184 4255 1292 4315 sancte
1307 4243 1510 4338 neapolitano
1525 4239 1658 4312 ecclesie
1672 4241 1767 4312 sicuti
1784 4241 1868 4311 inter
1882 4264 1917 4311 sc
1934 4241 2017 4334 sepis
2033 4253 2065 4312 ct
2082 4243 2156 4313 ios-

729 4377 817 4437 satus
840 4367 978 4440 exfinat:
998 4377 1031 4438 et
1055 4369 1095 4438 de
1119 4368 1184 4438 alio
1207 4368 1306 4442 latere
1330 4369 1461 4440 coheret
1485 4379 1571 4440 terra
1595 4365 1781 4437 monasterii
1797 4375 1905 4456 sancte
1923 4367 2057 4460 patricie
2073 4368 2156 4438 sicut

731 4494 814 4564 inter
831 4516 865 4564 se
882 4491 986 4563 lebata
1010 4493 1145 4562 exfinat:
1170 4505 1203 4564 et
1226 4496 1267 4567 dc
1289 4518 1358 4566 uno
1382 4495 1486 4588 capite
1510 4505 1558 4565 est
1573 4493 1651 4565 caba
1668 4493 1835 4605 pubblica:
1852 4502 1884 4561 et
1909 4517 1951 4562 ex
1966 4492 2033 4563 alio
2049 4495 2154 4587 capite
2245 4483 2254 4496 ”

730 4619 861 4689 coherct
895 4629 981 4688 terra
1014 4617 1102 4687 leoni
1135 4618 1262 4689 ferrarii
1290 4618 1344 4689 cui
1368 4641 1464 4713 snper
1488 4639 1608 4688 nomen
1631 4617 1811 4711 papalonc:
1845 4617 1931 4688 unde
1955 4617 2039 4687 nibil
2062 4618 2154 4689 nobis

730 4748 846 4816 exinde
863 4746 989 4842 aliquot
1004 4745 1157 4818 remansit
1172 4757 1228 4817 aut
1240 4746 1477 4818 rescrbauimu's
1494 4767 1555 4817 nec
1570 4743 1605 4816 in
1619 4745 1722 4816 aliena
1738 4745 1895 4839 cuiusque
1909 4767 2047 4837 persona
2065 4747 2154 4840 quod

631 4895 635 4904 ·
730 4874 811 4942 absit
829 4873 1018 4944 comisimus
1043 4883 1098 4943 aut
1114 4872 1179 4942 iam
1195 4871 1398 4943 comictimus
1421 4879 1576 4965 potestate
1592 4893 1600 4938 :
1619 4879 1668 4942 set
1684 4893 1703 4938 a
1718 4867 1860 4964 presenti
1875 4867 1928 4941 die
1944 4880 1979 4940 et
1992 4869 2152 4964 deinceps

688 5005 697 5022 ·
730 5000 951 5090 prenominata
967 5011 1145 5070 memorata
1161 4998 1271 5071 inclita
1286 4999 1372 5094 petia
1388 5021 1446 5071 sua
1460 5000 1501 5071 de
1513 5005 1692 5070 memorata
1706 5005 1792 5068 terra
1802 4997 1908 5090 posita
1918 4998 1953 5068 in
1969 5007 2148 5069 memorato
