4906 6520
883 645 1028 744 (res)

249 810 336 880 niori
359 805 508 881 castaldei
532 809 764 908 mensuratum.
788 799 874 874 ldeor
888 801 1038 877 iamdicto
1061 801 1225 894 qnedtuor
1244 805 1333 896 petie
1357 805 1497 878 deterre
1520 807 1659 903 qualiter

247 932 395 1026 superius
407 1000 409 1006 ,
420 931 460 1002 de
484 930 549 1000 line
563 931 600 1000 in
616 930 680 1000 fine
703 927 891 1008 udeetees
907 938 1093 1010 mensurate
1109 937 1185 999 sunt
1203 947 1276 1012 ,runo
1299 951 1376 1002 cum
1398 929 1568 1004 arboribus
1591 937 1665 1006 iru-

248 1062 369 1136 ctileris
391 1058 443 1132 vel
469 1055 662 1128 infructiferi
685 1064 818 1126 etcum
842 1054 956 1124 omniu
977 1053 1068 1124 intro
1084 1075 1120 1125 sc
1134 1053 1328 1138 habentibus
1351 1055 1463 1126 subter
1485 1058 1538 1130 vel
1561 1081 1660 1152 super

252 1194 287 1258 et
309 1205 386 1256 curn
409 1182 472 1253 biis
495 1181 562 1252 suis
594 1178 714 1250 ibidem
746 1175 885 1260 incendi
918 1189 951 1247 et
967 1177 1115 1250 exiendi
1145 1176 1270 1250 Gnncto
1297 1189 1331 1262 ct
1354 1179 1481 1272 integre
1516 1181 1665 1259 iamdicto

249 1337 308 1409 per
339 1311 413 1384 bnis
444 1309 583 1382 indicate
613 1315 660 1379 et·
675 1313 859 1383 mensurato
890 1305 1171 1400 qsradtuor-pctic·
1184 1307 1225 1388 de
1249 1306 1344 1378 terris
1367 1318 1494 1402 quent
1517 1309 1662 1394 diximus

249 1440 345 1514 robis
366 1437 427 1532 qui
449 1459 546 1529 supro
570 1433 716 1528 germani
740 1431 935 1525 neapolitani
959 1431 1029 1524 ipsc
1052 1430 1330 1506 bennmdcdimus.
1351 1431 1405 1508 Ad
1429 1433 1682 1527 possessionem·

249 1571 388 1635 recem
402 1571 435 1634 et
449 1560 490 1648 de
504 1557 817 1631 cursuscursus
832 1555 958 1626 sunu
973 1566 1006 1626 e
1020 1555 1202 1650 pessus
1217 1555 1400 1642 cerasus·
1415 1541 1531 1630 exure
1554 1560 1664 1630 omnia

248 1710 315 1783 que
337 1686 431 1760 vobis
453 1683 619 1778 placuerit.
652 1681 822 1775 Simulque
850 1688 884 1750 et
910 1679 1179 1752 benumdedimus
1204 1681 1298 1752 robis
1322 1693 1356 1753 et
1378 1692 1456 1776 aput
1478 1651 1537 1756 vob
1559 1687 1664 1779 remi3

248 1813 351 1886 simus
385 1813 510 1904 integre
542 1811 705 1906 quadtuor
727 1797 957 1902 scriptionibus
979 1808 1100 1894 nostris
1122 1829 1188 1900 que
1210 1815 1287 1878 sunt
1310 1810 1494 1880 continente
1517 1813 1660 1905 predicte

250 1942 338 2036 petie
368 1942 407 2012 dc
443 1948 529 2013 ter're
559 1941 664 2032 prime
695 1961 738 2008 ex
769 1937 839 2028 ipse
867 1933 988 2006 ccrtsdc
1010 1942 1060 2005 est
1083 1933 1205 2006 cortule
1229 1957 1294 2030 que
1317 1936 1438 2029 scripte
1461 1945 1510 2008 est
1530 1961 1590 2030 per
1609 1941 1662 2024 sie

251 2067 442 2140 cbebertnm
465 2063 804 2138 noteriumrobornte
824 2084 888 2155 per
910 2059 1123 2148 adclmnndus
1147 2059 1249 2143 iudex
1269 2069 1308 2134 et
1327 2084 1388 2155 pur
1411 2064 1536 2136 auretio
1549 2087 1617 2149 ¹scu
1632 2077 1665 2138 et
1685 2137 1687 2141 .

249 2219 310 2290 per
332 2194 516 2288 isquintum
538 2201 572 2261 et
589 2213 664 2292 per
678 2187 824 2259 merendi
847 2187 907 2282 qni
939 2189 1082 2272 continet
1107 2187 1189 2280 ipset
1204 2187 1327 2260 crrtrrln
1355 2197 1423 2272 tots
1446 2187 1553 2281 prime
1577 2191 1664 2284 petie

251 2321 413 2396 deterre.
438 2319 510 2409 lpse
541 2315 680 2387 secunde
704 2315 826 2384 cartula
856 2338 922 2408 que
949 2315 1069 2408 scripte
1096 2295 1152 2386 cst
1177 2336 1237 2408 per
1255 2311 1423 2406 ,sicbellrit
1450 2315 1605 2397 clericum
1633 2325 1668 2406 et

251 2443 414 2516 noterium
445 2463 511 2534 que
543 2439 686 2510 continet
716 2448 784 2508 tote
818 2436 958 2510 secunde
991 2437 1077 2531 petis
1109 2439 1149 2510 de
1181 2447 1267 2510 terre
1296 2437 1448 2510 roboreto
1479 2462 1538 2533 por
1571 2439 1666 2514 odel·-

250 2567 393 2640 rnuudus
415 2564 527 2642 iudex,
540 2570 573 2634 et
595 2586 656 2656 per
678 2562 847 2655 pergollusj
866 2571 902 2632 et·
919 2585 978 2656 per
1001 2562 1138 2634 cdoeldo
1152 2570 1257 2655 etpcr
1270 2561 1459 2648 landolfum.
1484 2566 1554 2658 lpse
1570 2566 1663 2636 tertls

250 2690 375 2762 cortule
408 2711 474 2782 quc
505 2688 624 2781 scripte
656 2695 705 2758 est
734 2707 794 2778 per
824 2693 936 2778 petrrrs
968 2687 1114 2758 noterius
1145 2707 1210 2782 que
1232 2687 1378 2759 continet
1400 2689 1544 2783 predicto
1567 2692 1661 2764 tortis

251 2817 339 2912 petie
362 2817 402 2890 de
424 2825 519 2886 terra.
549 2813 701 2892 roborate
724 2831 792 2907 per‘
807 2815 977 2907 geniperto
996 2813 1105 2888 iudex.
1129 2823 1161 2886 et
1185 2831 1244 2908 per
1265 2814 1407 2888 icbcnne
1432 2826 1465 2888 et
1488 2837 1545 2910 per
1568 2817 1657 2890 tldo.

254 2945 377 3029 Quarta
400 2941 533 3034 scriptio
556 2951 605 3013 est
627 2940 748 3020 cartule
772 2964 837 3034 que
860 2941 980 3034 scripte
1003 2951 1053 3012 est
1074 2965 1134 3034 per
1156 2949 1267 3034 petrus
1290 2941 1428 3018 'clericus
1458 2954 1491 3012 et
1519 2945 1665 3026 neurius

255 3116 274 3146 ,.
288 3121 320 3138 ..
334 3068 493 3138 ..liburie
516 3066 551 3138 in
574 3067 669 3160 plebe
692 3065 791 3140 seucti
822 3067 1020 3162 donatique
1043 3067 1188 3148 continet
1210 3069 1354 3162 predicte
1378 3045 1492 3164 ponte
1516 3071 1601 3163 petie
1625 3071 1665 3144 de

253 3202 341 3266 terre
372 3194 525 3265 roboreto
556 3214 615 3286 per
646 3193 806 3263 martinos
836 3194 995 3284 presbiter
1018 3203 1051 3264 et
1073 3216 1132 3286 por
1156 3193 1363 3269 bubetenium
1387 3203 1421 3266 et
1441 3213 1502 3286 per
1522 3193 1665 3266 iolrrnnc

252 3319 417 3412 presbiter·
443 3327 476 3390 et
498 3341 556 3412 per
580 3329 690 3411 petrus
713 3319 879 3410 presbiter.
903 3320 1068 3423 ¹Similiter.
1082 3321 1122 3390 ed
1142 3321 1380 3410 possessionem
1403 3329 1545 3390 recem
1568 3327 1601 3388 et
1624 3319 1664 3390 dc

255 3443 367 3514 vestris
397 3442 579 3514 heredibus
603 3441 720 3520 cbendi
752 3453 785 3512 et
812 3442 995 3533 possidendi
1018 3449 1051 3510 et
1076 3440 1216 3512 faciendi
1240 3443 1357 3522 exinde
1382 3443 1578 3535 omnio-qus
1600 3465 1673 3514 vo·-

253 3567 306 3638 bis
329 3567 495 3660 placuerit.
524 3568 628 3643 beet
651 3589 714 3660 ego
736 3565 865 3638 sellecte
894 3565 1006 3636 relicte
1028 3566 1166 3659 predicti
1194 3566 1313 3638 summi
1337 3575 1370 3636 ct
1393 3567 1527 3658 genitris
1553 3567 1668 3659 predi-

254 3701 383 3764 crorum
405 3691 554 3762 iohannis
578 3699 615 3766 et,
633 3693 752 3762 summi
767 3702 799 3759 et
814 3693 879 3764 lilio
901 3693 1068 3786 quondsln'
1082 3691 1377 3772 mansiunculam
1391 3716 1444 3764 mc
1458 3693 1553 3765 rbere
1568 3715 1667 3786 qucr-
1767 3670 1775 3684 ⁸

256 3827 322 3888 te‘nr
337 3829 461 3910 purtem
485 3817 520 3886 iu
542 3817 701 3888 iamdictis
730 3830 788 3906 per
816 3815 889 3886 finis
912 3815 1053 3892 indicate
1076 3827 1109 3886 et
1131 3815 1495 3908 monstruosorum&
1517 3815 1603 3908 petie
1624 3815 1667 3888 do

256 3948 341 4014 terre
356 3959 456 4032 quem
469 3937 621 4030 predictis
643 3937 718 4006 filiis
740 3929 822 4007 meis
845 3937 937 4008 vobis
952 3939 1011 4030 qui
1025 3955 1131 4030 snpra.
1146 3940 1291 4031 gomani
1312 3939 1460 4033 superius
1483 3939 1667 4012 benumdo·
1817 3959 1820 3968 ⁴

256 4067 374 4140 derunt
396 4074 431 4137 ct
451 4067 487 4136 in
505 4063 661 4158 iamdictis
675 4065 836 4156 quedtuor
850 4063 1078 4155 scriptionibus
1092 4088 1159 4158 que
1173 4066 1386 4148 snut‘certulo
1399 4089 1498 4161 quern
1519 4065 1667 4140 similiter

255 4187 406 4283 predictis
423 4189 497 4260 filiis
520 4186 602 4256 meis
615 4185 717 4294 ¹robis
732 4186 879 4276 superius
902 4185 1180 4276 bennmdpdcrunt
1194 4197 1227 4278 pt
1241 4195 1319 4281 aput
1341 4211 1401 4262 ros
1415 4190 1608 4262 remiserunt
1629 4195 1668 4260 ut

253 4321 404 4410 superius
427 4316 546 4412 legitur
568 4314 763 4408 pertinentes
785 4313 887 4398 micbi
910 4313 968 4407 qui
991 4313 1258 4406 suprupnnlieris
1272 4323 1420 4410 onmem
1434 4295 1537 4411 ipsam
1552 4314 1668 4388 exindo

255 4466 315 4536 per
330 4441 423 4514 illum
438 4465 547 4512 mcum
560 4442 719 4534 scriptum
733 4441 925 4532 'morgiucop
947 4440 1072 4532 legibus
1090 4467 1109 4510 a
1129 4442 1275 4534 predicto
1293 4466 1422 4516 snnrrno
1445 4445 1519 4517 riso
1532 4465 1609 4518 meo
1631 4467 1667 4514 e·

184 4585 189 4592 ·
252 4565 356 4656 „misso
370 4563 500 4658 quando
515 4584 569 4632 me
583 4563 644 4634 sihi
659 4563 695 4634 in
717 4565 870 4654 coniugio
885 4563 1020 4636 sociabit
1041 4587 1188 4658 uxopcm.
1202 4591 1306 4662 quem
1320 4577 1459 4664 oportet.
1470 4578 1504 4642 et
1526 4577 1575 4640 est
1595 4567 1665 4639 mi-

253 4691 312 4772 tbi
326 4691 385 4785 qui
399 4711 495 4783 supra
508 4689 638 4758 mulieri
662 4699 807 4783 quartum
832 4691 933 4784 ipsam
956 4694 997 4766 do
1012 4695 1121 4768 omniu
1142 4698 1322 4788 supradicte
1344 4717 1410 4790 que
1432 4692 1609 4788 prelcgitnr
1630 4691 1666 4764 in

259 4793 421 4913 iute‘grum
443 4816 642 4890 benumdari.
667 4829 701 4888 et
722 4817 798 4892 ldoc
827 4843 889 4914 ego
913 4821 978 4892 inm
1004 4823 1167 4912 nominptu
1189 4823 1315 4897 tellecta
1343 4830 1569 4895 commonente
1595 4821 1667 4916 lego

502 4943 569 5014 Vol.
594 4941 661 5012 111.
1288 4952 1331 5020 24
