4876 6520
889 707 1011 804 (⁷9)

240 877 307 940 tam
331 889 391 938 nos
415 879 448 938 et
469 866 591 960 posteri
614 867 718 938 nostri
741 865 832 938 nullo
863 866 961 938 modo
985 867 1129 939 detinere
1157 867 1209 939 vel
1232 870 1452 942 contradicere
1475 874 1652 947 sancimus.

242 1004 276 1064 et
299 996 326 1064 si
351 993 448 1064 abbas
471 993 669 1066 ordinandus
692 994 727 1064 iu
751 993 863 1066 cadem
886 993 1021 1065 ccclesia
1043 996 1142 1068 luerit
1165 996 1236 1067 talis
1260 997 1381 1069 ibidem
1406 1021 1466 1092 per
1480 1021 1540 1071 vos
1556 1011 1588 1070 et
1604 1025 1663 1095 per

241 1130 367 1208 vestros
388 1117 525 1213 heredes
546 1119 715 1190 ordinetur
737 1118 866 1214 qualem
887 1119 952 1192 sibi
976 1123 1184 1214 congregatio
1209 1122 1342 1216 elegerit
1362 1123 1482 1198 nullam
1499 1125 1663 1198 dationem

243 1259 298 1322 aut
321 1269 458 1320 munera
483 1247 603 1317 exinde
625 1247 817 1342 recipientes
849 1257 882 1318 et
905 1269 965 1318 nos
988 1255 1021 1315 et
1045 1250 1166 1340 posteri
1189 1249 1293 1318 nostri
1317 1250 1416 1340 gratis
1439 1273 1664 1324 consecremus

241 1397 311 1446 eos.
338 1375 444 1459 mam
469 1374 603 1469 quidem
627 1384 736 1444 nostro
760 1369 970 1445 absolutionis
998 1372 1217 1442 emunitatem.
1240 1395 1260 1442 a
1283 1373 1374 1444 nullo
1397 1395 1441 1444 ex
1463 1377 1583 1447 nostris
1605 1399 1666 1447 re-

244 1499 371 1570 moberi
394 1499 632 1570 successoribus
655 1521 715 1592 per
738 1501 836 1571 deum
868 1498 1123 1588 omnipotentem
1151 1496 1305 1589 simplum
1328 1507 1361 1567 et
1383 1497 1507 1568 trinum
1531 1500 1666 1594 eiusque

244 1649 357 1698 omnes
381 1635 508 1696 sanctos
531 1625 726 1697 adimamus.
744 1632 799 1695 set
822 1623 883 1694 hec
907 1623 1038 1694 libertas
1061 1623 1107 1692 ita
1130 1623 1318 1716 incorrupta
1332 1633 1365 1694 et
1379 1625 1577 1698 inbiolabilis
1591 1650 1667 1720 per-

243 1753 379 1824 manead
404 1761 441 1823 ut
465 1777 484 1823 a
507 1751 600 1823 nullo
623 1773 769 1845 unquam
793 1749 1037 1822 commobeatur
1060 1755 1116 1820 aut
1140 1745 1364 1839 dirrumpatur
1387 1760 1420 1818 et
1437 1751 1601 1825 neminem
1625 1777 1668 1824 ex

241 1876 293 1947 bis
317 1903 382 1972 que
406 1879 441 1948 in
465 1877 611 1970 predicto
636 1875 834 1944 monasterio
859 1872 1090 1944 conbersantur
1113 1874 1166 1943 vel
1191 1896 1233 1942 ex
1256 1873 1442 1965 presbiteris
1466 1877 1525 1970 qui
1548 1878 1583 1948 in
1607 1901 1667 1947 ec-

242 2003 349 2073 clesiis
373 2001 517 2074 eiusdem
539 2000 669 2072 cenobii
697 1999 849 2074 subiectis
881 1999 1023 2072 ordinati
1055 2000 1177 2071 luerint
1199 1999 1252 2069 vel
1276 1999 1488 2071 deserbicrint
1510 2024 1579 2072 non
1601 2003 1667 2074 ba-

220 2129 375 2203 'bcamus
398 2152 458 2200 nos
482 2137 538 2202 ant
561 2149 760 2200 successores
784 2125 888 2200 nostri
911 2124 1072 2199 licentiam
1095 2123 1378 2196 excommunicare
1405 2125 1546 2220 quodsi
1569 2128 1666 2224 quis-

242 2255 331 2348 piam
361 2261 568 2348 presumptor
597 2253 800 2347 dirrumpere
834 2251 900 2322 hoc
931 2250 1088 2322 libertatis
1116 2250 1271 2344 scriptum
1300 2251 1335 2320 in
1359 2250 1473 2344 primis
1497 2252 1667 2327 inretimns

243 2404 319 2452 eum
342 2380 475 2452 vinculo
499 2379 711 2452 anathematis
735 2389 832 2474 atque
855 2401 917 2473 pro
944 2385 1075 2473 peracto
1098 2381 1218 2450 scelere
1241 2379 1329 2448 sciad
1353 2401 1387 2448 se
1410 2379 1667 2472 compositurum

244 2512 316 2580 auri
340 2507 505 2601 purissimi
538 2508 638 2578 libras
669 2507 788 2602 viginti
819 2509 855 2578 in
887 2507 1033 2600 predicto
1057 2515 1168 2577 sancto
1191 2505 1328 2576 cenobio
1352 2513 1385 2573 et
1408 2511 1446 2574 ut
1469 2505 1510 2574 ab
1534 2505 1581 2577 eis
1604 2505 1668 2577 boc

244 2635 402 2706 libertatis
424 2636 581 2729 scriptum
605 2636 828 2707 incunctanter
852 2632 1002 2703 credatur
1017 2633 1124 2726 sigillo
1139 2642 1251 2704 nostro
1267 2633 1451 2704 continente
1474 2634 1561 2706 intem
1585 2634 1668 2706 ima-

244 2759 355 2852 ginem
368 2760 469 2829 sancti
492 2758 639 2853 stephani
653 2760 805 2832 iussimus
828 2755 972 2851 sigillari.
986 2779 1084 2852 quam
1097 2755 1247 2828 videlicet
1261 2754 1417 2826 libertatis
1433 2757 1668 2830 absolutionem

244 2883 305 2954 tibi
329 2883 489 2956 audoaldo
512 2884 711 2956 subdiacono
735 2895 848 2956 nostro
872 2881 1012 2954 scribere
1044 2881 1261 2984 precepimus.
1297 2905 1358 2952 nec
1381 2905 1448 2953 non
1472 2892 1505 2954 et
1527 2884 1668 2977 propriis

244 3006 395 3079 manibrio
418 3009 599 3080 sacerdotes
622 3018 656 3078 et
678 3005 823 3103 reliquos
846 3006 949 3077 cleros
972 3014 1102 3078 nostros
1125 3029 1160 3076 se
1183 3005 1362 3076 suscribere
1377 3005 1540 3078 iussimus.
1559 3015 1593 3076 et
1607 3027 1669 3101 pro

246 3133 490 3205 confirmatione
513 3134 771 3228 supradictorum
794 3134 952 3206 omnium.
968 3133 1144 3204 secundum
1161 3131 1426 3203 cousuetudinem
1441 3143 1668 3228 preceptorum

246 3283 345 3332 manu
368 3271 479 3333 nostra
502 3261 763 3354 subscripsimus.

341 3391 426 3461 Actu
449 3389 557 3482 Capuc
581 3389 616 3458 in
640 3387 856 3460 sacratissimo
881 3387 1140 3482 achiepiscopatu
1162 3385 1309 3460 feliciter.

338 3509 456 3610 †ego
479 3511 538 3610 qui
562 3535 660 3608 supra
684 3513 852 3585 audoaldus
876 3511 1121 3586 archidiaconus
1144 3535 1188 3584 cx
1211 3512 1353 3583 iussione
1383 3510 1508 3582 domini
1532 3508 1670 3581 adenolfi

249 3641 480 3738 archiepiscopi
503 3664 558 3712 me
581 3643 756 3736 subscripsi

342 3771 374 3866 †
397 3793 459 3866 ego
482 3779 592 3864 petrus
615 3771 770 3842 baconus
802 3789 846 3837 ex
869 3768 1011 3841 iussione
1034 3767 1159 3842 domini
1190 3765 1328 3840 adenolfi
1359 3763 1592 3858 archiepiscopi
1615 3785 1669 3832 me

248 3893 420 3986 subscripsi
745 3892 751 3901 '

343 4020 374 4117 †
399 4042 461 4115 ego
484 4019 537 4090 leo
561 4019 716 4090 diaconus
739 4041 782 4092 ex
807 4015 948 4090 iussione
972 4018 1097 4090 domini
1119 4015 1256 4090 adenolfi
1274 4012 1507 4108 archiepiscopi
1521 4035 1575 4084 nne
1591 4013 1669 4084 sub-

248 4149 362 4242 sosoi

346 4273 463 4369 †ego
486 4283 558 4346 toto
590 4271 837 4368 archipresbiter
870 4298 914 4346 ex
938 4273 1080 4347 iussione
1111 4273 1236 4348 domini
1270 4273 1406 4345 adenolfi
1438 4269 1670 4366 archiepiscopi

251 4423 305 4471 me
327 4401 501 4496 subscripsi

183 4603 187 4609 ,
346 4525 377 4622 †
400 4550 464 4624 ego
486 4529 642 4602 iohannes
666 4531 880 4604 subdiaconus
903 4540 937 4603 et
959 4529 1148 4626 primicerio
1170 4553 1213 4600 ex
1236 4527 1378 4600 iussione
1393 4527 1518 4599 domini
1535 4525 1671 4598 adenolti

254 4651 486 4747 archiepiscopi
508 4672 562 4722 me
585 4655 759 4749 subscripsi

349 4779 380 4876 †
404 4798 466 4869 ego
490 4775 647 4850 iohannes
669 4779 827 4872 presbiter
851 4791 885 4852 et
907 4779 1113 4874 primicerius
1140 4803 1183 4852 ex
1205 4777 1347 4852 iussione
1371 4779 1496 4850 domini
1533 4777 1669 4850 adenolfi

256 4903 485 4998 archiepiscopi
509 4925 563 4974 me
586 4903 760 4997 subscripsi
