4906 6520
896 698 998 784 (mr
1028 695 1041 789 )

279 853 320 924 de
343 855 430 920 terre
443 847 650 920 diviserimus
673 846 758 918 inter
780 847 892 920 nohis:
916 857 949 918 et
972 848 1030 920 ubi
1053 849 1154 920 fueris
1176 857 1370 922 memoratas
1384 851 1485 944 patio
1501 852 1542 923 de
1558 873 1687 925 menso-

279 982 365 1044 rntss
387 983 475 1046 terra
497 973 580 1044 bene
603 971 790 1044 arbustatn:
825 983 857 1045 st
887 974 1035 1045 bites-do
1058 997 1191 1047 errores
1214 975 1311 1046 etde
1334 974 1416 1046 bites
1440 985 1477 1047 ut
1501 975 1586 1046 dicet
1608 977 1688 1050 duas

280 1119 433 1190 personas
456 1121 513 1168 seu
536 1098 648 1168 tertius
673 1119 824 1188 personas
847 1119 914 1190 quo
927 1097 1008 1170 bene
1023 1105 1072 1168 est
1087 1096 1264 1168 arbustatrs
1279 1106 1312 1166 et
1328 1097 1498 1170 bitstssds
1512 1121 1642 1172 arvoree
1655 1111 1687 1171 et

279 1224 363 1294 bites
387 1232 464 1292 tnnc
488 1222 673 1292 diuidamus
693 1221 767 1324 ilias
790 1222 877 1292 inter
899 1221 993 1292 nobis
1016 1223 1096 1293 duas
1118 1221 1153 1291 in
1175 1243 1278 1294 unum
1294 1241 1353 1292 ros
1374 1235 1408 1294 et
1422 1225 1557 1314 posteris
1571 1226 1685 1296 restris

279 1355 387 1438 partes
410 1343 488 1416 dues
511 1352 545 1414 ot
567 1365 629 1435 ego
653 1351 687 1413 et
709 1342 880 1417 heredibus
903 1347 984 1416 meis
998 1353 1089 1438 perte
1105 1367 1186 1415 una:
1213 1345 1329 1437 etipse
1345 1345 1532 1417 terraticum
1545 1347 1687 1416 morian-

280 1478 350 1544 tur:
376 1467 600 1538 tantummodo
623 1488 683 1536 vos
706 1477 738 1537 et
761 1467 896 1560 posteris
919 1469 1033 1538 vestris
1047 1453 1128 1538 mihi
1143 1470 1303 1564 meisque:
1322 1468 1496 1542 heredibus
1509 1482 1687 1541 memorat·

281 1602 368 1664 sorte
399 1615 486 1662 meas
518 1564 559 1661 hb
586 1590 676 1660 omni
703 1589 844 1660 ommino
867 1591 1021 1684 omnique
1046 1613 1183 1682 persone
1206 1587 1364 1664 untesture
1387 1602 1420 1664 et
1443 1595 1607 1666 defensare
1630 1597 1688 1664 de-

281 1715 403 1786 beatis:
431 1723 539 1808 preter
561 1714 589 1784 si
613 1736 675 1806 ego
697 1725 730 1786 et
752 1715 925 1786 heredibus
948 1715 1029 1784 meis
1054 1713 1122 1805 ipse
1142 1725 1231 1782 sorte
1255 1737 1327 1782 men
1350 1725 1383 1782 at
1400 1715 1476 1785 dare
1502 1715 1685 1790 abuerimos

280 1864 341 1937 per
365 1841 481 1935 quobis
506 1841 642 1911 modum
664 1841 759 1911 vobis
782 1841 977 1934 vestrisque:
1002 1841 1137 1932 posteris
1160 1839 1231 1908 illes
1247 1841 1324 1912 dare
1342 1839 1512 1932 debeomus
1531 1841 1566 1910 in
1582 1843 1686 1934 pretio

278 1973 317 2032 ut
339 1963 439 2033 fueris
463 1960 667 2054 atpretistum
691 1984 709 2028 e
734 1961 1004 2030 christianissimis
1036 1961 1132 2030 siris:
1164 1973 1196 2030 et
1227 1962 1254 2030 si
1279 1985 1337 2030 vos
1361 1971 1394 2031 et
1416 1963 1550 2054 posteris
1573 1969 1687 2038 rosiris

279 2090 348 2184 ipse
373 2089 452 2157 duas
475 2096 577 2155 sortes
600 2093 720 2154 nostres
743 2085 819 2156 dare
847 2084 1012 2155 stbueritis
1036 2107 1093 2176 per
1117 2083 1233 2178 qnobis
1257 2086 1391 2156 modum
1413 2085 1495 2156 mihi
1518 2087 1685 2182 meisque:

280 2213 452 2286 heredibus
482 2209 556 2281 illut
579 2211 656 2280 dero
679 2207 823 2280 debeatis
846 2208 881 2278 in
904 2211 1010 2301 pretio
1034 2219 1070 2279 ut
1094 2211 1193 2280 fueris
1217 2211 1422 2302 atpretintum
1444 2236 1464 2281 n
1487 2210 1688 2286 christianis-

281 2339 369 2408 simis
392 2335 494 2406 viris:
518 2344 551 2404 et
572 2333 600 2401 si
624 2334 709 2402 inter
733 2347 839 2424 partes
864 2353 1005 2405 emmeno
1029 2331 1229 2402 voluerimus
1252 2330 1338 2402 clara
1360 2336 1444 2404 taeta
1467 2337 1602 2408 veritate
1633 2341 1688 2409 eui

281 2464 358 2533 dare
380 2459 581 2530 voluerimus
604 2469 712 2530 nostre
737 2461 778 2530 sit
801 2459 986 2554 potestatis:
1009 2471 1041 2528 et
1062 2479 1128 2528 non
1153 2457 1272 2526 abeatis
1287 2457 1416 2527 licentis
1431 2479 1491 2528 ros
1505 2471 1538 2528 et
1553 2465 1688 2552 posteris

282 2585 395 2656 restris
420 2583 501 2652 mihi
525 2584 687 2677 meisque:
710 2581 882 2654 heredibus
904 2583 976 2652 iilos
1002 2581 1117 2652 toliere
1135 2605 1193 2674 per
1216 2581 1341 2654 nnilrnn
1365 2583 1499 2654 rnodurn
1522 2605 1603 2655 vene
1626 2608 1687 2679 ego

282 2718 315 2778 et
338 2687 509 2779 heredibus
532 2705 613 2776 rucis
636 2706 818 2777 lavorsntes
832 2715 864 2776 et
880 2705 1068 2804 ntinplentes
1092 2704 1241 2777 omnibus
1265 2707 1450 2776 memoratis
1473 2715 1511 2778 ut
1531 2731 1626 2802 super
1641 2711 1688 2780 ie-

284 2835 392 2926 gitur:
419 2833 496 2928 quia
518 2833 564 2902 ita
580 2833 673 2902 nobis
692 2833 827 2925 placuit:
853 2831 888 2901 Si
905 2843 1013 2904 nutem
1036 2855 1099 2926 ego
1123 2801 1178 2900 aut
1200 2832 1372 2902 heredibus
1394 2831 1475 2902 meis
1491 2832 1583 2903 aliter
1598 2836 1690 2905 iece-

283 2961 385 3032 rimus
399 2959 440 3031 de
453 2959 503 3030 his
517 2959 668 3030 omnibns
684 2960 869 3044 memoratis
888 2981 945 3050 per
967 2957 1083 3052 qnobis
1107 2935 1242 3028 modurn
1265 2967 1320 3026 eut
1343 2957 1520 3026 summissis
1544 2961 1687 3050 personis

283 3095 360 3154 tunc
384 3067 608 3178 componimus
630 3082 724 3152 vobis
746 3082 943 3176 vestrisque:
969 3082 1104 3172 posteris
1128 3083 1199 3151 auri
1215 3065 1334 3150 solidos
1351 3081 1480 3174 triginta
1496 3081 1689 3152 bithiantsos

284 3179 316 3279 et
339 3230 376 3278 ec
398 3207 520 3277 cartula
542 3205 765 3298 promissionis
789 3207 831 3274 sit
857 3207 948 3275 huna
972 3205 1089 3296 scripta
1113 3227 1169 3296 per
1194 3227 1307 3272 manus
1322 3195 1469 3273 iohannis
1486 3191 1615 3274 curialis
1631 3228 1689 3296 per

282 3341 475 3400 memoratas
496 3329 668 3398 indictione
685 3327 715 3422 †
730 3329 792 3396 hoc
807 3327 978 3422 signum†
995 3347 1108 3394 manus
1132 3307 1312 3394 memorato
1336 3330 1499 3398 moroaldo
1524 3327 1613 3420 quod
1629 3349 1690 3420 ego

284 3475 345 3549 pro
369 3477 411 3524 eu
433 3453 606 3544 subscripsi
630 3451 661 3544 †
783 3537 787 3544 Ι
1646 3449 1649 3454 ’

379 3571 411 3664 †
433 3597 495 3670 ego
518 3586 626 3668 petrns
649 3573 734 3644 fitius
757 3574 879 3646 domini
903 3573 1044 3665 gregorii
1069 3573 1141 3640 testi
1163 3573 1335 3662 subscripsi
1358 3573 1387 3664 †
1620 3667 1623 3674 Ι

309 3693 311 3698 ’
383 3699 415 3793 †
438 3721 501 3790 ego
524 3697 677 3768 iohannes
700 3699 784 3767 filius
808 3696 930 3766 domini
954 3698 1035 3790 patri
1060 3697 1132 3766 testi
1156 3674 1325 3786 subscripsi
1346 3697 1376 3790 †
1518 3757 1522 3766 .
1632 3671 1637 3686 ⁶

285 3799 294 3810 '
382 3830 413 3916 †
437 3825 511 3914 Ego
534 3797 673 3892 stefanus
698 3826 781 3894 filius
804 3807 936 3892 domiui
951 3821 1093 3916 sparsni.
1109 3831 1140 3887 .'.
1156 3868 1281 3887 ......
1388 3905 1402 3915 Η
