<?xml version="1.0" encoding="UTF-8"?>
<!DOCTYPE html PUBLIC "-//W3C//DTD XHTML 1.0 Transitional//EN"
    "http://www.w3.org/TR/xhtml1/DTD/xhtml1-transitional.dtd">
<html xmlns="http://www.w3.org/1999/xhtml" xml:lang="en" lang="en">
 <head>
  <title>
</title>
<meta http-equiv="Content-Type" content="text/html;charset=utf-8" />
  <meta name='ocr-system' content='tesseract 3.04.00' />
  <meta name='ocr-capabilities' content='ocr_page ocr_carea ocr_par ocr_line ocrx_word'/>
</head>
<body>
  <div class='ocr_page' id='page_1' title='image "./monumentaeditaa00napogoog_0088.png"; bbox 0 0 4876 6520; ppageno 0'>
   <div class='ocr_carea' id='block_1_1' title="bbox 1455 611 1577 706">
    <p class='ocr_par' dir='ltr' id='par_1_1' title="bbox 1455 611 1577 706">
     <span class='ocr_line' id='line_1_1' title="bbox 1455 611 1577 706; baseline -0.016 0"><span class='ocrx_word' id='word_1_1' title='bbox 1455 611 1577 706; x_wconf 70' lang='lat'><strong>(⁷2)</strong></span> 
     </span>
    </p>
   </div>
   <div class='ocr_carea' id='block_1_2' title="bbox 756 764 2229 3249">
    <p class='ocr_par' dir='ltr' id='par_1_2' title="bbox 756 764 2229 3249">
     <span class='ocr_line' id='line_1_2' title="bbox 802 764 2227 868; baseline -0.003 -20"><span class='ocrx_word' id='word_1_2' title='bbox 802 788 834 850; x_wconf 89' lang='lat' dir='ltr'>et</span> <span class='ocrx_word' id='word_1_3' title='bbox 857 775 974 847; x_wconf 88' lang='lat' dir='ltr'>nostris</span> <span class='ocrx_word' id='word_1_4' title='bbox 998 769 1170 843; x_wconf 89' lang='lat' dir='ltr'>heredibus</span> <span class='ocrx_word' id='word_1_5' title='bbox 1193 770 1234 850; x_wconf 86' lang='lat' dir='ltr'>de</span> <span class='ocrx_word' id='word_1_6' title='bbox 1257 774 1434 840; x_wconf 85' lang='lat' dir='ltr'>memorate</span> <span class='ocrx_word' id='word_1_7' title='bbox 1458 776 1544 838; x_wconf 87' lang='lat' dir='ltr'>terre</span> <span class='ocrx_word' id='word_1_8' title='bbox 1567 769 1658 838; x_wconf 83' lang='lat' dir='ltr'>exire</span> <span class='ocrx_word' id='word_1_9' title='bbox 1681 764 1882 838; x_wconf 91' lang='lat' dir='ltr'>boluerimus</span> <span class='ocrx_word' id='word_1_10' title='bbox 1915 767 2079 844; x_wconf 75' lang='lat' dir='ltr'><strong>licentiam</strong></span> <span class='ocrx_word' id='word_1_11' title='bbox 2102 782 2136 845; x_wconf 91' lang='lat' dir='ltr'>et</span> <span class='ocrx_word' id='word_1_12' title='bbox 2158 799 2227 868; x_wconf 89' lang='lat' dir='ltr'>po-</span> 
     </span>
     <span class='ocr_line' id='line_1_3' title="bbox 802 890 2224 989; baseline -0.002 -14"><span class='ocrx_word' id='word_1_13' title='bbox 802 912 948 974; x_wconf 80' lang='lat' dir='ltr'>testatem</span> <span class='ocrx_word' id='word_1_14' title='bbox 971 897 1146 970; x_wconf 87' lang='lat' dir='ltr'>habeamus</span> <span class='ocrx_word' id='word_1_15' title='bbox 1159 917 1219 966; x_wconf 88' lang='lat' dir='ltr'>uos</span> <span class='ocrx_word' id='word_1_16' title='bbox 1235 893 1287 966; x_wconf 84' lang='lat' dir='ltr'>vel</span> <span class='ocrx_word' id='word_1_17' title='bbox 1302 894 1418 965; x_wconf 77' lang='lat' dir='ltr'>nocuis</span> <span class='ocrx_word' id='word_1_18' title='bbox 1441 893 1614 964; x_wconf 81' lang='lat' dir='ltr'>heredibus</span> <span class='ocrx_word' id='word_1_19' title='bbox 1637 899 1671 960; x_wconf 90' lang='lat' dir='ltr'>et</span> <span class='ocrx_word' id='word_1_20' title='bbox 1694 890 1758 960; x_wconf 91' lang='lat' dir='ltr'>illis</span> <span class='ocrx_word' id='word_1_21' title='bbox 1782 890 1970 966; x_wconf 85' lang='lat' dir='ltr'>bominibus</span> <span class='ocrx_word' id='word_1_22' title='bbox 1985 917 2051 989; x_wconf 85' lang='lat' dir='ltr'>qus</span> <span class='ocrx_word' id='word_1_23' title='bbox 2066 921 2127 969; x_wconf 87' lang='lat' dir='ltr'>uos</span> <span class='ocrx_word' id='word_1_24' title='bbox 2142 925 2224 972; x_wconf 87' lang='lat' dir='ltr'>cou-</span> 
     </span>
     <span class='ocr_line' id='line_1_4' title="bbox 804 1013 2225 1110; baseline 0 -14"><span class='ocrx_word' id='word_1_25' title='bbox 804 1025 1001 1096; x_wconf 87' lang='lat' dir='ltr'>dusserimus</span> <span class='ocrx_word' id='word_1_26' title='bbox 1033 1021 1149 1093; x_wconf 84' lang='lat' dir='ltr'>exinde</span> <span class='ocrx_word' id='word_1_27' title='bbox 1177 1018 1306 1090; x_wconf 87' lang='lat' dir='ltr'>bersare</span> <span class='ocrx_word' id='word_1_28' title='bbox 1337 1017 1405 1108; x_wconf 90' lang='lat' dir='ltr'>ipse</span> <span class='ocrx_word' id='word_1_29' title='bbox 1436 1037 1509 1088; x_wconf 88' lang='lat' dir='ltr'>cass</span> <span class='ocrx_word' id='word_1_30' title='bbox 1541 1036 1606 1110; x_wconf 87' lang='lat' dir='ltr'>qua</span> <span class='ocrx_word' id='word_1_31' title='bbox 1629 1013 1676 1086; x_wconf 94' lang='lat' dir='ltr'>ibi</span> <span class='ocrx_word' id='word_1_32' title='bbox 1700 1013 1888 1086; x_wconf 88' lang='lat' dir='ltr'>abuerimus</span> <span class='ocrx_word' id='word_1_33' title='bbox 1911 1017 1995 1088; x_wconf 87' lang='lat' dir='ltr'>lacte</span> <span class='ocrx_word' id='word_1_34' title='bbox 2018 1029 2052 1090; x_wconf 91' lang='lat' dir='ltr'>et</span> <span class='ocrx_word' id='word_1_35' title='bbox 2073 1033 2225 1096; x_wconf 84' lang='lat' dir='ltr'>excolere</span> 
     </span>
     <span class='ocr_line' id='line_1_5' title="bbox 801 1139 2223 1243; baseline 0.006 -33"><span class='ocrx_word' id='word_1_36' title='bbox 801 1153 918 1222; x_wconf 70' lang='lat' dir='ltr'>exinde</span> <span class='ocrx_word' id='word_1_37' title='bbox 942 1153 1010 1243; x_wconf 78' lang='lat' dir='ltr'>ipsa</span> <span class='ocrx_word' id='word_1_38' title='bbox 1034 1145 1209 1240; x_wconf 73' lang='lat' dir='ltr'>lignamina</span> <span class='ocrx_word' id='word_1_39' title='bbox 1237 1149 1270 1208; x_wconf 91' lang='lat' dir='ltr'>ct</span> <span class='ocrx_word' id='word_1_40' title='bbox 1293 1139 1354 1210; x_wconf 77' lang='lat' dir='ltr'>etia</span> <span class='ocrx_word' id='word_1_41' title='bbox 1376 1143 1486 1212; x_wconf 86' lang='lat' dir='ltr'>omnia</span> <span class='ocrx_word' id='word_1_42' title='bbox 1510 1163 1606 1216; x_wconf 82' lang='lat' dir='ltr'>causa</span> <span class='ocrx_word' id='word_1_43' title='bbox 1631 1149 1740 1214; x_wconf 87' lang='lat' dir='ltr'>nostra</span> <span class='ocrx_word' id='word_1_44' title='bbox 1762 1149 1795 1210; x_wconf 85' lang='lat' dir='ltr'>et</span> <span class='ocrx_word' id='word_1_45' title='bbox 1818 1140 1860 1212; x_wconf 89' lang='lat' dir='ltr'>do</span> <span class='ocrx_word' id='word_1_46' title='bbox 1876 1143 1973 1214; x_wconf 83' lang='lat' dir='ltr'>amici</span> <span class='ocrx_word' id='word_1_47' title='bbox 1997 1153 2031 1214; x_wconf 89' lang='lat' dir='ltr'>et</span> <span class='ocrx_word' id='word_1_48' title='bbox 2046 1167 2223 1220; x_wconf 87' lang='lat' dir='ltr'>commou-</span> 
     </span>
     <span class='ocr_line' id='line_1_6' title="bbox 808 1266 2225 1368; baseline 0 -22"><span class='ocrx_word' id='word_1_49' title='bbox 808 1277 868 1346; x_wconf 94' lang='lat' dir='ltr'>diti</span> <span class='ocrx_word' id='word_1_50' title='bbox 894 1276 997 1345; x_wconf 90' lang='lat' dir='ltr'>nostri</span> <span class='ocrx_word' id='word_1_51' title='bbox 1023 1283 1055 1344; x_wconf 90' lang='lat' dir='ltr'>et</span> <span class='ocrx_word' id='word_1_52' title='bbox 1077 1290 1213 1364; x_wconf 70' lang='lat' dir='ltr'>pergere</span> <span class='ocrx_word' id='word_1_53' title='bbox 1244 1273 1329 1359; x_wconf 85' lang='lat' dir='ltr'>ipsos</span> <span class='ocrx_word' id='word_1_54' title='bbox 1365 1267 1452 1342; x_wconf 83' lang='lat' dir='ltr'>salba</span> <span class='ocrx_word' id='word_1_55' title='bbox 1478 1277 1588 1340; x_wconf 86' lang='lat' dir='ltr'>nostra</span> <span class='ocrx_word' id='word_1_56' title='bbox 1617 1266 1762 1342; x_wconf 84' lang='lat' dir='ltr'>libertato</span> <span class='ocrx_word' id='word_1_57' title='bbox 1791 1267 1848 1340; x_wconf 93' lang='lat' dir='ltr'>ubi</span> <span class='ocrx_word' id='word_1_58' title='bbox 1874 1267 2076 1342; x_wconf 87' lang='lat' dir='ltr'>boluerimus</span> <span class='ocrx_word' id='word_1_59' title='bbox 2104 1271 2225 1368; x_wconf 77' lang='lat' dir='ltr'>absque</span> 
     </span>
     <span class='ocr_line' id='line_1_7' title="bbox 801 1389 2223 1486; baseline 0.001 -19"><span class='ocrx_word' id='word_1_60' title='bbox 801 1398 891 1467; x_wconf 89' lang='lat' dir='ltr'>omni</span> <span class='ocrx_word' id='word_1_61' title='bbox 915 1393 1140 1466; x_wconf 72' lang='lat' dir='ltr'>contrarietate</span> <span class='ocrx_word' id='word_1_62' title='bbox 1163 1391 1299 1486; x_wconf 86' lang='lat' dir='ltr'>predicti</span> <span class='ocrx_word' id='word_1_63' title='bbox 1321 1391 1521 1464; x_wconf 85' lang='lat' dir='ltr'>monosterii.</span> <span class='ocrx_word' id='word_1_64' title='bbox 1539 1401 1571 1461; x_wconf 92' lang='lat' dir='ltr'>et</span> <span class='ocrx_word' id='word_1_65' title='bbox 1595 1391 1636 1462; x_wconf 89' lang='lat' dir='ltr'>de</span> <span class='ocrx_word' id='word_1_66' title='bbox 1662 1391 1734 1462; x_wconf 87' lang='lat' dir='ltr'>eius</span> <span class='ocrx_word' id='word_1_67' title='bbox 1757 1389 1944 1463; x_wconf 76' lang='lat' dir='ltr'>custodibus</span> <span class='ocrx_word' id='word_1_68' title='bbox 1968 1401 2096 1464; x_wconf 88' lang='lat' dir='ltr'>tautum</span> <span class='ocrx_word' id='word_1_69' title='bbox 2119 1396 2148 1466; x_wconf 88' lang='lat' dir='ltr'>si</span> <span class='ocrx_word' id='word_1_70' title='bbox 2171 1397 2223 1468; x_wconf 85' lang='lat' dir='ltr'>iu·</span> 
     </span>
     <span class='ocr_line' id='line_1_8' title="bbox 800 1514 2223 1612; baseline -0.001 -19"><span class='ocrx_word' id='word_1_71' title='bbox 800 1525 1091 1594; x_wconf 80' lang='lat' dir='ltr'>[rememoratum</span> <span class='ocrx_word' id='word_1_72' title='bbox 1114 1518 1327 1594; x_wconf 88' lang='lat' dir='ltr'>coustitutum</span> <span class='ocrx_word' id='word_1_73' title='bbox 1357 1514 1556 1594; x_wconf 84' lang='lat' dir='ltr'>bolucrimus</span> <span class='ocrx_word' id='word_1_74' title='bbox 1591 1519 1708 1590; x_wconf 83' lang='lat' dir='ltr'>exinde</span> <span class='ocrx_word' id='word_1_75' title='bbox 1743 1519 1833 1590; x_wconf 83' lang='lat' dir='ltr'>exire</span> <span class='ocrx_word' id='word_1_76' title='bbox 1857 1517 2011 1593; x_wconf 82' lang='lat' dir='ltr'>iaciamus</span> <span class='ocrx_word' id='word_1_77' title='bbox 2036 1521 2077 1591; x_wconf 84' lang='lat' dir='ltr'>ad</span> <span class='ocrx_word' id='word_1_78' title='bbox 2099 1531 2223 1612; x_wconf 81' lang='lat' dir='ltr'>partem</span> 
     </span>
     <span class='ocr_line' id='line_1_9' title="bbox 801 1642 2229 1736; baseline 0 -18"><span class='ocrx_word' id='word_1_79' title='bbox 801 1645 973 1718; x_wconf 86' lang='lat' dir='ltr'>memorati</span> <span class='ocrx_word' id='word_1_80' title='bbox 997 1642 1185 1716; x_wconf 83' lang='lat' dir='ltr'>monasterii</span> <span class='ocrx_word' id='word_1_81' title='bbox 1209 1643 1295 1736; x_wconf 89' lang='lat' dir='ltr'>ipsos</span> <span class='ocrx_word' id='word_1_82' title='bbox 1318 1643 1400 1714; x_wconf 85' lang='lat' dir='ltr'>scire</span> <span class='ocrx_word' id='word_1_83' title='bbox 1424 1651 1498 1714; x_wconf 85' lang='lat' dir='ltr'>auto</span> <span class='ocrx_word' id='word_1_84' title='bbox 1530 1664 1634 1716; x_wconf 88' lang='lat' dir='ltr'>uuum</span> <span class='ocrx_word' id='word_1_85' title='bbox 1657 1661 1787 1713; x_wconf 76' lang='lat' dir='ltr'>anuum</span> <span class='ocrx_word' id='word_1_86' title='bbox 1812 1651 1845 1712; x_wconf 90' lang='lat' dir='ltr'>et</span> <span class='ocrx_word' id='word_1_87' title='bbox 1867 1651 1977 1735; x_wconf 88' lang='lat' dir='ltr'>postea</span> <span class='ocrx_word' id='word_1_88' title='bbox 2001 1644 2048 1714; x_wconf 89' lang='lat' dir='ltr'>sic</span> <span class='ocrx_word' id='word_1_89' title='bbox 2071 1666 2229 1718; x_wconf 71' lang='lat' dir='ltr'>summus</span> 
     </span>
     <span class='ocr_line' id='line_1_10' title="bbox 801 1769 2224 1846; baseline -0.005 0"><span class='ocrx_word' id='word_1_90' title='bbox 801 1773 879 1846; x_wconf 86' lang='lat' dir='ltr'>iudo</span> <span class='ocrx_word' id='word_1_91' title='bbox 913 1771 1001 1844; x_wconf 90' lang='lat' dir='ltr'>salba</span> <span class='ocrx_word' id='word_1_92' title='bbox 1028 1779 1137 1844; x_wconf 83' lang='lat' dir='ltr'>nostra</span> <span class='ocrx_word' id='word_1_93' title='bbox 1161 1770 1308 1842; x_wconf 85' lang='lat' dir='ltr'>libertato</span> <span class='ocrx_word' id='word_1_94' title='bbox 1340 1793 1415 1842; x_wconf 85' lang='lat' dir='ltr'>cum</span> <span class='ocrx_word' id='word_1_95' title='bbox 1445 1771 1556 1842; x_wconf 88' lang='lat' dir='ltr'>omnia</span> <span class='ocrx_word' id='word_1_96' title='bbox 1578 1793 1675 1844; x_wconf 82' lang='lat' dir='ltr'>causa</span> <span class='ocrx_word' id='word_1_97' title='bbox 1698 1779 1809 1846; x_wconf 79' lang='lat' dir='ltr'>uostm</span> <span class='ocrx_word' id='word_1_98' title='bbox 1832 1769 1928 1841; x_wconf 88' lang='lat' dir='ltr'>etde</span> <span class='ocrx_word' id='word_1_99' title='bbox 1952 1770 2103 1840; x_wconf 91' lang='lat' dir='ltr'>amiciet</span> <span class='ocrx_word' id='word_1_100' title='bbox 2126 1793 2224 1840; x_wconf 91' lang='lat' dir='ltr'>com-</span> 
     </span>
     <span class='ocr_line' id='line_1_11' title="bbox 802 1892 2225 1989; baseline -0.001 -23"><span class='ocrx_word' id='word_1_101' title='bbox 802 1895 939 1966; x_wconf 84' lang='lat' dir='ltr'>menditi</span> <span class='ocrx_word' id='word_1_102' title='bbox 963 1895 1066 1966; x_wconf 85' lang='lat' dir='ltr'>nostri</span> <span class='ocrx_word' id='word_1_103' title='bbox 1090 1895 1175 1968; x_wconf 90' lang='lat' dir='ltr'>sicut</span> <span class='ocrx_word' id='word_1_104' title='bbox 1196 1915 1294 1988; x_wconf 90' lang='lat' dir='ltr'>supra</span> <span class='ocrx_word' id='word_1_105' title='bbox 1318 1895 1461 1966; x_wconf 78' lang='lat' dir='ltr'>diximus</span> <span class='ocrx_word' id='word_1_106' title='bbox 1484 1917 1525 1964; x_wconf 89' lang='lat' dir='ltr'>eo</span> <span class='ocrx_word' id='word_1_107' title='bbox 1548 1892 1638 1989; x_wconf 89' lang='lat' dir='ltr'>quod</span> <span class='ocrx_word' id='word_1_108' title='bbox 1661 1893 1708 1964; x_wconf 90' lang='lat' dir='ltr'>sic</span> <span class='ocrx_word' id='word_1_109' title='bbox 1730 1893 1819 1972; x_wconf 89' lang='lat' dir='ltr'>stetit</span> <span class='ocrx_word' id='word_1_110' title='bbox 1834 1902 1866 1966; x_wconf 88' lang='lat' dir='ltr'>et</span> <span class='ocrx_word' id='word_1_111' title='bbox 1880 1894 2043 1969; x_wconf 86' lang='lat' dir='ltr'>combeuit</span> <span class='ocrx_word' id='word_1_112' title='bbox 2058 1893 2144 1963; x_wconf 89' lang='lat' dir='ltr'>iuter</span> <span class='ocrx_word' id='word_1_113' title='bbox 2163 1917 2225 1964; x_wconf 91' lang='lat' dir='ltr'>uo-</span> 
     </span>
     <span class='ocr_line' id='line_1_12' title="bbox 809 2017 2223 2114; baseline -0.002 -21"><span class='ocrx_word' id='word_1_114' title='bbox 809 2019 871 2094; x_wconf 86' lang='lat' dir='ltr'>bis.</span> <span class='ocrx_word' id='word_1_115' title='bbox 901 2019 936 2091; x_wconf 84' lang='lat' dir='ltr'>Si</span> <span class='ocrx_word' id='word_1_116' title='bbox 960 2027 1068 2092; x_wconf 88' lang='lat' dir='ltr'>autem</span> <span class='ocrx_word' id='word_1_117' title='bbox 1093 2017 1162 2112; x_wconf 88' lang='lat' dir='ltr'>ipse</span> <span class='ocrx_word' id='word_1_118' title='bbox 1184 2021 1242 2114; x_wconf 92' lang='lat' dir='ltr'>qui</span> <span class='ocrx_word' id='word_1_119' title='bbox 1265 2041 1362 2112; x_wconf 89' lang='lat' dir='ltr'>supra</span> <span class='ocrx_word' id='word_1_120' title='bbox 1392 2018 1549 2092; x_wconf 82' lang='lat' dir='ltr'>iohannes</span> <span class='ocrx_word' id='word_1_121' title='bbox 1579 2017 1759 2091; x_wconf 83' lang='lat' dir='ltr'>monachos</span> <span class='ocrx_word' id='word_1_122' title='bbox 1790 2027 1847 2090; x_wconf 89' lang='lat' dir='ltr'>aut</span> <span class='ocrx_word' id='word_1_123' title='bbox 1877 2019 2058 2113; x_wconf 82' lang='lat' dir='ltr'>supradicto</span> <span class='ocrx_word' id='word_1_124' title='bbox 2089 2019 2223 2090; x_wconf 88' lang='lat' dir='ltr'>domiuo</span> 
     </span>
     <span class='ocr_line' id='line_1_13' title="bbox 806 2141 2224 2240; baseline 0.001 -24"><span class='ocrx_word' id='word_1_125' title='bbox 806 2167 920 2222; x_wconf 87' lang='lat' dir='ltr'>manso</span> <span class='ocrx_word' id='word_1_126' title='bbox 943 2141 1135 2216; x_wconf 86' lang='lat' dir='ltr'>venerabilis</span> <span class='ocrx_word' id='word_1_127' title='bbox 1160 2142 1266 2214; x_wconf 86' lang='lat' dir='ltr'>abbas.</span> <span class='ocrx_word' id='word_1_128' title='bbox 1302 2152 1358 2214; x_wconf 86' lang='lat' dir='ltr'>aut</span> <span class='ocrx_word' id='word_1_129' title='bbox 1389 2151 1533 2238; x_wconf 79' lang='lat' dir='ltr'>posteras</span> <span class='ocrx_word' id='word_1_130' title='bbox 1565 2145 1636 2224; x_wconf 88' lang='lat' dir='ltr'>eius</span> <span class='ocrx_word' id='word_1_131' title='bbox 1666 2145 1721 2216; x_wconf 84' lang='lat' dir='ltr'>vel</span> <span class='ocrx_word' id='word_1_132' title='bbox 1745 2167 1820 2240; x_wconf 88' lang='lat' dir='ltr'>pars</span> <span class='ocrx_word' id='word_1_133' title='bbox 1842 2143 2013 2218; x_wconf 84' lang='lat' dir='ltr'>memorati</span> <span class='ocrx_word' id='word_1_134' title='bbox 2036 2147 2224 2218; x_wconf 89' lang='lat' dir='ltr'>monasterii</span> 
     </span>
     <span class='ocr_line' id='line_1_14' title="bbox 809 2265 2225 2363; baseline 0.001 -23"><span class='ocrx_word' id='word_1_135' title='bbox 809 2292 876 2342; x_wconf 85' lang='lat' dir='ltr'>nou</span> <span class='ocrx_word' id='word_1_136' title='bbox 900 2266 1110 2362; x_wconf 89' lang='lat' dir='ltr'>compleberit</span> <span class='ocrx_word' id='word_1_137' title='bbox 1133 2265 1227 2336; x_wconf 90' lang='lat' dir='ltr'>uobis</span> <span class='ocrx_word' id='word_1_138' title='bbox 1250 2268 1308 2363; x_wconf 91' lang='lat' dir='ltr'>qui</span> <span class='ocrx_word' id='word_1_139' title='bbox 1331 2291 1429 2363; x_wconf 89' lang='lat' dir='ltr'>supra</span> <span class='ocrx_word' id='word_1_140' title='bbox 1452 2268 1584 2340; x_wconf 85' lang='lat' dir='ltr'>iohanni</span> <span class='ocrx_word' id='word_1_141' title='bbox 1608 2277 1641 2340; x_wconf 89' lang='lat' dir='ltr'>ct</span> <span class='ocrx_word' id='word_1_142' title='bbox 1659 2270 1777 2344; x_wconf 78' lang='lat' dir='ltr'>buceri</span> <span class='ocrx_word' id='word_1_143' title='bbox 1792 2268 1843 2342; x_wconf 83' lang='lat' dir='ltr'>vel</span> <span class='ocrx_word' id='word_1_144' title='bbox 1859 2267 1900 2339; x_wconf 90' lang='lat' dir='ltr'>ad</span> <span class='ocrx_word' id='word_1_145' title='bbox 1913 2270 2030 2340; x_wconf 80' lang='lat' dir='ltr'>uosbis</span> <span class='ocrx_word' id='word_1_146' title='bbox 2052 2269 2225 2342; x_wconf 79' lang='lat' dir='ltr'>heredibus</span> 
     </span>
     <span class='ocr_line' id='line_1_15' title="bbox 810 2392 2222 2492; baseline 0.004 -27"><span class='ocrx_word' id='word_1_147' title='bbox 810 2397 919 2466; x_wconf 81' lang='lat' dir='ltr'>omnia</span> <span class='ocrx_word' id='word_1_148' title='bbox 941 2417 1001 2488; x_wconf 93' lang='lat' dir='ltr'>per</span> <span class='ocrx_word' id='word_1_149' title='bbox 1024 2395 1132 2488; x_wconf 88' lang='lat' dir='ltr'>ipsum</span> <span class='ocrx_word' id='word_1_150' title='bbox 1153 2392 1326 2465; x_wconf 88' lang='lat' dir='ltr'>hordinem</span> <span class='ocrx_word' id='word_1_151' title='bbox 1349 2396 1434 2468; x_wconf 89' lang='lat' dir='ltr'>sicut</span> <span class='ocrx_word' id='word_1_152' title='bbox 1456 2397 1605 2492; x_wconf 87' lang='lat' dir='ltr'>superius</span> <span class='ocrx_word' id='word_1_153' title='bbox 1628 2397 1747 2492; x_wconf 79' lang='lat' dir='ltr'>legitur</span> <span class='ocrx_word' id='word_1_154' title='bbox 1770 2401 1882 2472; x_wconf 85' lang='lat' dir='ltr'>docem</span> <span class='ocrx_word' id='word_1_155' title='bbox 1904 2397 2079 2477; x_wconf 84' lang='lat' dir='ltr'>bizantiuos</span> <span class='ocrx_word' id='word_1_156' title='bbox 2102 2400 2222 2472; x_wconf 89' lang='lat' dir='ltr'>solidos</span> 
     </span>
     <span class='ocr_line' id='line_1_16' title="bbox 808 2527 2224 2626; baseline 0.007 -32"><span class='ocrx_word' id='word_1_157' title='bbox 808 2545 891 2617; x_wconf 86' lang='lat' dir='ltr'>peua</span> <span class='ocrx_word' id='word_1_158' title='bbox 913 2545 948 2596; x_wconf 88' lang='lat' dir='ltr'>se</span> <span class='ocrx_word' id='word_1_159' title='bbox 963 2533 997 2594; x_wconf 91' lang='lat' dir='ltr'>et</span> <span class='ocrx_word' id='word_1_160' title='bbox 1011 2533 1154 2618; x_wconf 83' lang='lat' dir='ltr'>posteros</span> <span class='ocrx_word' id='word_1_161' title='bbox 1169 2545 1245 2596; x_wconf 92' lang='lat' dir='ltr'>suos</span> <span class='ocrx_word' id='word_1_162' title='bbox 1261 2537 1294 2594; x_wconf 91' lang='lat' dir='ltr'>et</span> <span class='ocrx_word' id='word_1_163' title='bbox 1308 2549 1382 2619; x_wconf 82' lang='lat' dir='ltr'>pars</span> <span class='ocrx_word' id='word_1_164' title='bbox 1397 2527 1574 2622; x_wconf 86' lang='lat' dir='ltr'>supradicti</span> <span class='ocrx_word' id='word_1_165' title='bbox 1588 2529 1775 2602; x_wconf 85' lang='lat' dir='ltr'>monasterii</span> <span class='ocrx_word' id='word_1_166' title='bbox 1798 2529 1892 2602; x_wconf 90' lang='lat' dir='ltr'>uobis</span> <span class='ocrx_word' id='word_1_167' title='bbox 1906 2531 1965 2626; x_wconf 89' lang='lat' dir='ltr'>qui</span> <span class='ocrx_word' id='word_1_168' title='bbox 1981 2553 2077 2625; x_wconf 86' lang='lat' dir='ltr'>supra</span> <span class='ocrx_word' id='word_1_169' title='bbox 2091 2531 2224 2604; x_wconf 91' lang='lat' dir='ltr'>iobumi</span> 
     </span>
     <span class='ocr_line' id='line_1_17' title="bbox 810 2646 2223 2748; baseline 0.004 -29"><span class='ocrx_word' id='word_1_170' title='bbox 810 2657 844 2719; x_wconf 90' lang='lat' dir='ltr'>ct</span> <span class='ocrx_word' id='word_1_171' title='bbox 868 2649 985 2722; x_wconf 80' lang='lat' dir='ltr'>fuscari</span> <span class='ocrx_word' id='word_1_172' title='bbox 1007 2651 1061 2723; x_wconf 84' lang='lat' dir='ltr'>vel</span> <span class='ocrx_word' id='word_1_173' title='bbox 1084 2651 1125 2722; x_wconf 93' lang='lat' dir='ltr'>ad</span> <span class='ocrx_word' id='word_1_174' title='bbox 1152 2648 1270 2722; x_wconf 84' lang='lat' dir='ltr'>nostris</span> <span class='ocrx_word' id='word_1_175' title='bbox 1299 2646 1470 2722; x_wconf 82' lang='lat' dir='ltr'>heredibus</span> <span class='ocrx_word' id='word_1_176' title='bbox 1497 2671 1691 2748; x_wconf 78' lang='lat' dir='ltr'>componere</span> <span class='ocrx_word' id='word_1_177' title='bbox 1714 2651 1833 2748; x_wconf 73' lang='lat' dir='ltr'>obligat</span> <span class='ocrx_word' id='word_1_178' title='bbox 1856 2664 1889 2725; x_wconf 87' lang='lat' dir='ltr'>et</span> <span class='ocrx_word' id='word_1_179' title='bbox 1911 2655 2021 2728; x_wconf 85' lang='lat' dir='ltr'>omnia</span> <span class='ocrx_word' id='word_1_180' title='bbox 2045 2667 2223 2726; x_wconf 88' lang='lat' dir='ltr'>memorata</span> 
     </span>
     <span class='ocr_line' id='line_1_18' title="bbox 756 2765 2223 2876; baseline 0.006 -30"><span class='ocrx_word' id='word_1_181' title='bbox 756 2765 758 2770; x_wconf 68' lang='grc'><strong>’</strong></span> <span class='ocrx_word' id='word_1_182' title='bbox 810 2775 905 2849; x_wconf 88' lang='lat' dir='ltr'>uobis</span> <span class='ocrx_word' id='word_1_183' title='bbox 927 2778 1146 2870; x_wconf 83' lang='lat' dir='ltr'>percompleat</span> <span class='ocrx_word' id='word_1_184' title='bbox 1168 2801 1228 2873; x_wconf 91' lang='lat' dir='ltr'>per</span> <span class='ocrx_word' id='word_1_185' title='bbox 1250 2789 1429 2850; x_wconf 86' lang='lat' dir='ltr'>memorate</span> <span class='ocrx_word' id='word_1_186' title='bbox 1456 2779 1574 2874; x_wconf 79' lang='lat' dir='ltr'>guadio</span> <span class='ocrx_word' id='word_1_187' title='bbox 1597 2791 1630 2850; x_wconf 89' lang='lat' dir='ltr'>et</span> <span class='ocrx_word' id='word_1_188' title='bbox 1645 2783 1711 2854; x_wconf 89' lang='lat' dir='ltr'>iam</span> <span class='ocrx_word' id='word_1_189' title='bbox 1728 2778 1813 2854; x_wconf 85' lang='lat' dir='ltr'>dicta</span> <span class='ocrx_word' id='word_1_190' title='bbox 1827 2780 2006 2854; x_wconf 76' lang='lat' dir='ltr'>medietate.</span> <span class='ocrx_word' id='word_1_191' title='bbox 2029 2783 2080 2855; x_wconf 82' lang='lat' dir='ltr'>Ad</span> <span class='ocrx_word' id='word_1_192' title='bbox 2103 2785 2223 2876; x_wconf 76' lang='lat' dir='ltr'>pigue-</span> 
     </span>
     <span class='ocr_line' id='line_1_19' title="bbox 811 2901 2224 2999; baseline 0.007 -30"><span class='ocrx_word' id='word_1_193' title='bbox 811 2903 948 2972; x_wconf 89' lang='lat' dir='ltr'>raudum</span> <span class='ocrx_word' id='word_1_194' title='bbox 971 2901 1000 2972; x_wconf 91' lang='lat' dir='ltr'>si</span> <span class='ocrx_word' id='word_1_195' title='bbox 1022 2921 1151 2976; x_wconf 83' lang='lat' dir='ltr'>necessa</span> <span class='ocrx_word' id='word_1_196' title='bbox 1182 2909 1231 2980; x_wconf 85' lang='lat' dir='ltr'>est</span> <span class='ocrx_word' id='word_1_197' title='bbox 1263 2901 1385 2996; x_wconf 79' lang='lat' dir='ltr'>obligat</span> <span class='ocrx_word' id='word_1_198' title='bbox 1414 2903 1509 2974; x_wconf 89' lang='lat' dir='ltr'>nobis</span> <span class='ocrx_word' id='word_1_199' title='bbox 1540 2906 1598 2999; x_wconf 91' lang='lat' dir='ltr'>qui</span> <span class='ocrx_word' id='word_1_200' title='bbox 1631 2927 1727 2999; x_wconf 84' lang='lat' dir='ltr'>supra</span> <span class='ocrx_word' id='word_1_201' title='bbox 1755 2903 1889 2976; x_wconf 87' lang='lat' dir='ltr'>iohanni</span> <span class='ocrx_word' id='word_1_202' title='bbox 1912 2915 1946 2974; x_wconf 90' lang='lat' dir='ltr'>ct</span> <span class='ocrx_word' id='word_1_203' title='bbox 1968 2906 2084 2976; x_wconf 80' lang='lat' dir='ltr'>buscari</span> <span class='ocrx_word' id='word_1_204' title='bbox 2107 2907 2159 2977; x_wconf 87' lang='lat' dir='ltr'>vel</span> <span class='ocrx_word' id='word_1_205' title='bbox 2182 2908 2224 2980; x_wconf 86' lang='lat' dir='ltr'>ad</span> 
     </span>
     <span class='ocr_line' id='line_1_20' title="bbox 814 3025 2223 3125; baseline 0.004 -29"><span class='ocrx_word' id='word_1_206' title='bbox 814 3026 936 3104; x_wconf 83' lang='lat' dir='ltr'>uostris</span> <span class='ocrx_word' id='word_1_207' title='bbox 954 3025 1127 3100; x_wconf 82' lang='lat' dir='ltr'>heredibus</span> <span class='ocrx_word' id='word_1_208' title='bbox 1149 3025 1218 3119; x_wconf 88' lang='lat' dir='ltr'>ipsc</span> <span class='ocrx_word' id='word_1_209' title='bbox 1242 3028 1300 3121; x_wconf 90' lang='lat' dir='ltr'>qui</span> <span class='ocrx_word' id='word_1_210' title='bbox 1323 3051 1420 3122; x_wconf 85' lang='lat' dir='ltr'>supra</span> <span class='ocrx_word' id='word_1_211' title='bbox 1435 3029 1617 3123; x_wconf 83' lang='lat' dir='ltr'>grimoaldo</span> <span class='ocrx_word' id='word_1_212' title='bbox 1631 3030 1739 3102; x_wconf 86' lang='lat' dir='ltr'>medio</span> <span class='ocrx_word' id='word_1_213' title='bbox 1754 3053 1788 3102; x_wconf 82' lang='lat' dir='ltr'>sc</span> <span class='ocrx_word' id='word_1_214' title='bbox 1802 3041 1835 3104; x_wconf 85' lang='lat' dir='ltr'>ct</span> <span class='ocrx_word' id='word_1_215' title='bbox 1849 3053 1924 3104; x_wconf 89' lang='lat' dir='ltr'>suos</span> <span class='ocrx_word' id='word_1_216' title='bbox 1938 3030 2071 3104; x_wconf 85' lang='lat' dir='ltr'>heredes</span> <span class='ocrx_word' id='word_1_217' title='bbox 2087 3056 2147 3125; x_wconf 90' lang='lat' dir='ltr'>pro</span> <span class='ocrx_word' id='word_1_218' title='bbox 2162 3055 2223 3102; x_wconf 84' lang='lat' dir='ltr'>mo-</span> 
     </span>
     <span class='ocr_line' id='line_1_21' title="bbox 814 3149 2223 3249; baseline 0.009 -31"><span class='ocrx_word' id='word_1_219' title='bbox 814 3149 935 3228; x_wconf 88' lang='lat' dir='ltr'>minata</span> <span class='ocrx_word' id='word_1_220' title='bbox 951 3172 1047 3221; x_wconf 90' lang='lat' dir='ltr'>causa</span> <span class='ocrx_word' id='word_1_221' title='bbox 1060 3173 1119 3222; x_wconf 91' lang='lat' dir='ltr'>sua</span> <span class='ocrx_word' id='word_1_222' title='bbox 1133 3173 1236 3248; x_wconf 87' lang='lat' dir='ltr'>usque</span> <span class='ocrx_word' id='word_1_223' title='bbox 1252 3157 1292 3228; x_wconf 91' lang='lat' dir='ltr'>ad</span> <span class='ocrx_word' id='word_1_224' title='bbox 1305 3155 1418 3248; x_wconf 81' lang='lat' dir='ltr'>legem.</span> <span class='ocrx_word' id='word_1_225' title='bbox 1429 3154 1549 3249; x_wconf 91' lang='lat' dir='ltr'>Scripsi</span> <span class='ocrx_word' id='word_1_226' title='bbox 1563 3177 1635 3249; x_wconf 75' lang='lat' dir='ltr'>ego.</span> <span class='ocrx_word' id='word_1_227' title='bbox 1651 3155 1833 3230; x_wconf 65' lang='lat' dir='ltr'>modericus</span> <span class='ocrx_word' id='word_1_228' title='bbox 1849 3158 2000 3228; x_wconf 78' lang='lat' dir='ltr'>nubtias.</span> <span class='ocrx_word' id='word_1_229' title='bbox 2016 3163 2049 3226; x_wconf 84' lang='lat' dir='ltr'>et</span> <span class='ocrx_word' id='word_1_230' title='bbox 2068 3157 2114 3230; x_wconf 86' lang='lat' dir='ltr'>lui</span> <span class='ocrx_word' id='word_1_231' title='bbox 2139 3159 2223 3230; x_wconf 87' lang='lat' dir='ltr'>iuter</span> 
     </span>
    </p>
   </div>
   <div class='ocr_carea' id='block_1_3' title="bbox 907 3273 2175 3376">
    <p class='ocr_par' dir='ltr' id='par_1_3' title="bbox 907 3273 2175 3376">
     <span class='ocr_line' id='line_1_22' title="bbox 907 3273 2175 3376; baseline 0.002 -26"><span class='ocrx_word' id='word_1_232' title='bbox 907 3273 939 3370; x_wconf 89' lang='lat'>†</span> <span class='ocrx_word' id='word_1_233' title='bbox 960 3302 1025 3372; x_wconf 84' lang='lat' dir='ltr'>ego</span> <span class='ocrx_word' id='word_1_234' title='bbox 1047 3277 1107 3371; x_wconf 90' lang='lat' dir='ltr'>qui</span> <span class='ocrx_word' id='word_1_235' title='bbox 1129 3298 1225 3371; x_wconf 90' lang='lat' dir='ltr'>supra</span> <span class='ocrx_word' id='word_1_236' title='bbox 1248 3299 1362 3350; x_wconf 87' lang='lat' dir='ltr'>manso</span> <span class='ocrx_word' id='word_1_237' title='bbox 1386 3277 1482 3350; x_wconf 88' lang='lat' dir='ltr'>abbas</span> <span class='ocrx_word' id='word_1_238' title='bbox 1508 3277 1540 3372; x_wconf 89' lang='lat'>†</span> <span class='ocrx_word' id='word_1_239' title='bbox 1563 3301 1625 3372; x_wconf 82' lang='lat' dir='ltr'>ego</span> <span class='ocrx_word' id='word_1_240' title='bbox 1646 3281 1705 3376; x_wconf 86' lang='lat' dir='ltr'>qui</span> <span class='ocrx_word' id='word_1_241' title='bbox 1728 3301 1824 3376; x_wconf 87' lang='lat' dir='ltr'>supra</span> <span class='ocrx_word' id='word_1_242' title='bbox 1846 3279 2052 3375; x_wconf 71' lang='lat' dir='ltr'>salelgismus</span> <span class='ocrx_word' id='word_1_243' title='bbox 2076 3279 2175 3364; x_wconf 74' lang='lat' dir='ltr'>iudex</span> 
     </span>
    </p>
   </div>
   <div class='ocr_carea' id='block_1_4' title="bbox 903 3403 1637 3766">
    <p class='ocr_par' dir='ltr' id='par_1_4' title="bbox 903 3403 1637 3766">
     <span class='ocr_line' id='line_1_23' title="bbox 906 3403 1637 3500; baseline 0.012 -30"><span class='ocrx_word' id='word_1_244' title='bbox 906 3403 937 3498; x_wconf 92' lang='lat'>†</span> <span class='ocrx_word' id='word_1_245' title='bbox 961 3425 1023 3496; x_wconf 81' lang='lat' dir='ltr'>ego</span> <span class='ocrx_word' id='word_1_246' title='bbox 1047 3405 1201 3478; x_wconf 85' lang='lat' dir='ltr'>iohannes</span> <span class='ocrx_word' id='word_1_247' title='bbox 1223 3407 1380 3500; x_wconf 85' lang='lat' dir='ltr'>presbiter</span> <span class='ocrx_word' id='word_1_248' title='bbox 1402 3419 1435 3480; x_wconf 89' lang='lat' dir='ltr'>et</span> <span class='ocrx_word' id='word_1_249' title='bbox 1458 3407 1637 3479; x_wconf 86' lang='lat' dir='ltr'>monachus</span> 
     </span>
     <span class='ocr_line' id='line_1_24' title="bbox 906 3526 1557 3630; baseline 0.014 -31"><span class='ocrx_word' id='word_1_250' title='bbox 906 3526 938 3626; x_wconf 88' lang='lat'>†</span> <span class='ocrx_word' id='word_1_251' title='bbox 961 3553 1023 3624; x_wconf 81' lang='lat' dir='ltr'>ego</span> <span class='ocrx_word' id='word_1_252' title='bbox 1044 3535 1122 3630; x_wconf 75' lang='lat' dir='ltr'>godi</span> <span class='ocrx_word' id='word_1_253' title='bbox 1144 3533 1301 3628; x_wconf 85' lang='lat' dir='ltr'>presbiter</span> <span class='ocrx_word' id='word_1_254' title='bbox 1324 3545 1358 3606; x_wconf 90' lang='lat' dir='ltr'>et</span> <span class='ocrx_word' id='word_1_255' title='bbox 1380 3534 1557 3608; x_wconf 87' lang='lat' dir='ltr'>monachus</span> 
     </span>
     <span class='ocr_line' id='line_1_25' title="bbox 903 3653 1425 3766; baseline 0.017 -39"><span class='ocrx_word' id='word_1_256' title='bbox 903 3653 938 3763; x_wconf 86' lang='lat'>†</span> <span class='ocrx_word' id='word_1_257' title='bbox 962 3679 1023 3764; x_wconf 76' lang='lat' dir='ltr'>ego</span> <span class='ocrx_word' id='word_1_258' title='bbox 1045 3659 1103 3758; x_wconf 89' lang='lat' dir='ltr'>qui</span> <span class='ocrx_word' id='word_1_259' title='bbox 1126 3683 1222 3766; x_wconf 87' lang='lat' dir='ltr'>supra</span> <span class='ocrx_word' id='word_1_260' title='bbox 1246 3663 1425 3756; x_wconf 80' lang='lat' dir='ltr'>grimoaldo</span> 
     </span>
    </p>
   </div>
   <div class='ocr_carea' id='block_1_5' title="bbox 0 0 2445 6516">
    <p class='ocr_par' dir='ltr' id='par_1_5' title="bbox 0 0 2445 6516">
     <span class='ocr_line' id='line_1_26' title="bbox 0 0 2445 6516; baseline 0 0"><span class='ocrx_word' id='word_1_261' title='bbox 0 0 2445 6516; x_wconf 95' lang='lat' dir='ltr'> </span> 
     </span>
    </p>
   </div>
  </div>
 </body>
</html>
