4876 6520
1333 1215 1461 1287 Christe
1485 1216 1571 1286 iavc.

608 1501 661 1550 arr.
823 1473 855 1568 †
877 1472 913 1542 ln
931 1468 1067 1542 nomine
1090 1467 1214 1540 domini
1237 1465 1292 1540 dei
1312 1463 1481 1538 salvatoris
1502 1463 1612 1534 nostri·
1629 1461 1725 1536 luen
1740 1461 1859 1534 Christi
1881 1463 2062 1558 imperanto
2085 1468 2153 1540 do·

587 1611 672 1673 988.
732 1601 824 1671 mino
846 1606 964 1670 nostro
984 1597 1101 1668 basilio
1124 1617 1246 1690 magno
1268 1596 1467 1686 Imperatore
1490 1613 1575 1661 anno
1592 1590 1746 1661 vicesimo
1761 1589 1916 1660 hoctalso:
1943 1593 2047 1662 cedet
2070 1617 2149 1666 con·

734 1724 874 1796 etantino
897 1743 1017 1816 magno
1041 1723 1236 1813 imperatore
1250 1739 1335 1788 anno
1349 1715 1504 1790 vicesimo
1519 1715 1654 1811 quinto:
1681 1715 1734 1786 die
1749 1715 1871 1785 decima
1889 1717 2007 1787 mensis
2021 1721 2149 1812 augaati

732 1851 908 1922 indictione
923 1850 1027 1940 prima
1042 1846 1190 1939 neapoli:
1208 1843 1422 1916 Defiuivimua
1436 1865 1497 1912 noa
1512 1842 1666 1914 iohannes
1681 1841 1749 1912 filio
1764 1843 1927 1935 quondam
1944 1842 2068 1914 domini
2084 1853 2149 1915 ste-

734 1975 856 2068 phuni:
883 1982 917 2044 et
940 1973 1094 2044 iohannes
1117 1972 1185 2043 filio
1209 1971 1374 2066 quondam
1398 1969 1523 2040 domini
1540 1969 1658 2039 marini
1678 1968 1742 2039 hoc
1756 1979 1805 2039 est
1820 1970 1969 2042 exadeliia
1985 1973 2149 2064 germania

733 2122 798 2192 ego
820 2107 1001 2169 memorato
1024 2095 1165 2168 iohanne
1188 2095 1261 2168 filio
1280 2097 1452 2168 memorati
1475 2089 1599 2166 domini
1623 2091 1770 2190 stephani
1792 2115 1868 2169 cum
1893 2094 2057 2166 voluntate
2081 2097 2150 2166 do-
2243 2099 2246 2106 '

733 2224 823 2300 mino
846 2245 940 2294 maru
962 2221 1096 2294 honesta
1119 2223 1238 2294 femina
1263 2223 1426 2318 genetrice
1449 2243 1544 2294 mear
1569 2222 1738 2294 vobiscum
1755 2219 1896 2314 denique
1910 2221 2043 2292 domino
2058 2221 2150 2317 filip-

718 2341 832 2445 pum:
855 2349 1038 2422 venerabile
1062 2349 1219 2443 igumeno
1242 2348 1438 2422 monasterio
1459 2359 1647 2422 sanctorum
1674 2349 1773 2443 sergii
1795 2355 1828 2418 et
1850 2347 1944 2419 bachi
1975 2349 2033 2443 qni
2063 2373 2150 2422 nunc

734 2483 948 2568 congregatus
971 2497 1005 2545 es
1029 2475 1065 2544 in
1088 2475 1287 2544 munasterio
1318 2483 1502 2546 sanatorum
1531 2473 1680 2544 theudori
1703 2483 1736 2544 et
1758 2475 1929 2547 sevastiani
1953 2475 2011 2568 qui
2035 2433 2151 2568 apssi-

732 2597 818 2669 latuc
841 2597 999 2691 casapicta
1022 2597 1123 2670 situum
1145 2597 1180 2668 in
1204 2597 1427 2669 viridiarium:
1454 2607 1487 2668 et
1510 2607 1622 2669 cuntes
1640 2599 1891 2692 congregatione
1915 2594 2154 2670 monachorum

731 2721 903 2792 memorati
927 2721 1027 2790 sancti
1059 2729 1092 2792 et
1125 2720 1317 2812 venerabidis
1350 2721 1451 2793 vestri
1478 2719 1687 2793 monasterii:
1721 2741 1783 2792 ros
1805 2720 1994 2815 Jmemorato
2017 2721 2150 2794 domiuo

731 2847 880 2943 filippum
903 2845 1088 2919 venerabile
1110 2847 1265 2940 igumeno
1289 2857 1322 2918 ct
1345 2855 1458 2922 cuntas
1486 2845 1738 2942 congregatione
1760 2849 1995 2918 monachorum
2018 2869 2153 2919 memo-

731 2975 795 3046 rati
818 2976 921 3045 sancti
943 2983 979 3046 et
999 2973 1194 3046 venerabilia
1215 2973 1320 3045 vestri-
1339 2974 1551 3045 monasteriic
1576 2997 1637 3068 pro
1661 2976 1733 3046 vice
1757 2973 2006 3068 quidempetro
2029 2984 2062 3044 et
2084 2985 2151 3044 ate-

731 3101 843 3196 pirauo
863 3101 1001 3176 uterinis
1023 3102 1187 3194 germanie
1208 3100 1284 3172 filiis
1306 3101 1471 3195 quondam
1495 3101 1628 3174 trasarii
1640 3103 1725 3175 servi
1741 3101 1914 3172 memorati
1929 3101 2030 3172 sancti
2046 3111 2079 3173 et
2094 3125 2152 3174 re-

730 3227 886 3300 nerabilia
908 3225 1010 3298 vestri
1033 3224 1244 3295 monasterii:
1271 3223 1410 3295 abitator
1433 3224 1557 3294 invice
1575 3225 1632 3318 qui
1648 3233 1785 3296 vocatur
1807 3249 1880 3297 caca
1904 3248 2001 3296 aurea
2024 3226 2152 3298 ruvioca

733 3353 900 3426 territorio
921 3351 1106 3446 liguriano:
1138 3360 1273 3444 propter
1300 3349 1365 3422 dua
1387 3349 1498 3422 modia
1521 3350 1561 3421 de
1585 3349 1710 3422 hictum
1733 3373 1837 3422 unum
1860 3362 1909 3422 eat
1931 3351 2096 3422 tricticum
2118 3363 2153 3424 et

734 3475 836 3548 alium
859 3477 900 3546 de
924 3476 1067 3546 ordeum·
1083 3473 1176 3569 quod
1194 3469 1292 3544 nohis
1313 3480 1346 3544 et
1369 3481 1402 3544 at
1424 3473 1598 3546 memorati
1629 3472 1783 3568 genitorii
1804 3475 1908 3546 nostri
1931 3475 2022 3546 omni
2044 3497 2152 3549 annue

732 3600 915 3696 pedaticum
939 3599 1015 3670 dare
1039 3599 1133 3672 debet
1156 3599 1305 3672 volemus
1327 3605 1366 3669 ut
1389 3595 1466 3673 dare
1489 3593 1583 3670 nobia
1606 3598 1698 3670 iiiut:
1730 3621 1805 3693 paru
1832 3608 1942 3670 autem
1965 3610 2072 3672 restra
2094 3601 2151 3672 di-

733 3725 824 3796 cabat
849 3733 994 3795 atveraus
1017 3746 1077 3794 noa
1101 3722 1178 3816 quia
1201 3722 1321 3794 verina
1344 3743 1412 3794 non
1436 3730 1485 3793 cst
1507 3723 1585 3816 quia
1611 3733 1795 3795 memorato
1816 3733 1909 3818 petro
1923 3735 1957 3796 et
1970 3737 2150 3798 memorato

733 3857 889 3950 stephano
913 3855 1000 3925 servi
1022 3852 1194 3924 memorati
1217 3849 1320 3926 saaca
1333 3853 1376 3922 ''et
1397 3850 1590 3922 venerabilia
1613 3853 1713 3924 uestri
1736 3855 1924 3925 monasterii
1947 3853 2039 3925 vobis
2062 3864 2151 3925 etat

732 3982 903 4054 memorati
927 3979 1068 4076 genitori
1091 3978 1192 4050 uestri
1215 3983 1432 4050 memoratum
1451 3977 1618 4053 tricticum
1632 3987 1665 4050 et
1679 3991 1897 4052 memoratum
1913 3983 2048 4054 ordeum
2062 3981 2151 4079 quod

732 4119 808 4182 aunt
829 4107 939 4178 modia
962 4109 1026 4178 dua
1049 4106 1144 4178 robis
1166 4115 1200 4176 et
1223 4115 1258 4176 at
1280 4105 1452 4178 memorati
1483 4105 1624 4200 genitori
1647 4107 1747 4180 resur·
1770 4109 1940 4180 memorati
1963 4109 2050 4180 cervi
2074 4131 2150 4184 me-

734 4235 854 4306 morati
878 4234 978 4304 sancti
1002 4241 1038 4303 et
1058 4233 1253 4306 venerabilia
1275 4231 1375 4304 uestri
1398 4233 1585 4304 monasterii
1608 4235 1701 4305 omni
1720 4257 1826 4305 annue
1841 4257 1910 4306 nou
1923 4235 2011 4306 dedit
2025 4245 2075 4306 sat
2091 4257 2151 4308 roa

733 4369 769 4430 et
790 4349 964 4434 memorati
986 4360 1125 4452 genitori
1148 4357 1248 4432 vestri
1271 4357 1497 4454 quaque-iege
1520 4367 1553 4427 at
1578 4359 1705 4430 eienon
1728 4359 1906 4433 tullistitia:
1932 4363 2019 4434 unde
2033 4363 2152 4436 multer

734 4483 939 4557 altercatione
962 4483 1079 4554 exinde
1103 4485 1187 4555 inter
1210 4483 1306 4554 nobis
1329 4482 1504 4554 abuimus:
1528 4504 1615 4554 nuuc
1638 4493 1747 4556 autern
1771 4485 1949 4556 iudicatum
1973 4497 2022 4557 cat
2035 4489 2155 4564 exinde

733 4609 819 4680 inter
841 4609 935 4680 nobis
958 4619 1002 4680 ut.
1019 4610 1127 4681 iurare
1150 4609 1244 4680 nobis
1268 4631 1373 4681 unum
1406 4611 1447 4680 de
1479 4612 1650 4682 memorati
1678 4613 1765 4682 cervi
1798 4613 1969 4684 memorati
1989 4615 2094 4685 sancti
2121 4625 2153 4688 et

734 4733 926 4807 uenerabilis
949 4733 1056 4810 vestri
1075 4731 1261 4806 monasterii
1284 4741 1325 4806 et·
1343 4733 1472 4806 dicere:
1498 4734 1575 4830 quia
1598 4748 1816 4808 memoratum
1840 4739 1986 4810 modium
2011 4744 2053 4813 de
2076 4765 2154 4813 me-

734 4865 897 4928 moratum
920 4855 1085 4928 tricticum
1109 4865 1142 4929 et
1165 4865 1382 4930 memoratum
1405 4859 1552 4932 modium
1582 4859 1622 4935 do
1650 4869 1866 4932 memoratum
1897 4863 2042 4935 ordeum·
2057 4867 2151 4940 vobo

711 4989 772 5055 'et
799 4989 833 5052 at
863 4979 1034 5054 memorati
1065 4979 1205 5076 genitori
1241 4983 1339 5057 reatri
1372 4981 1462 5055 omni
1487 5004 1592 5056 annue
1614 5005 1681 5054 non
1705 4983 1852 5059 dedimus
1875 4986 2060 5080 pedaticum
2093 5015 2155 5088 per
