4876 6520
380 1182 473 1276 †1n
494 1181 631 1280 nomine
653 1181 781 1256 domini
803 1182 857 1256 dei
879 1184 1051 1258 salvatoris
1075 1186 1180 1258 nostri
1198 1186 1274 1258 lesu
1297 1183 1419 1258 Christi
1441 1185 1622 1280 Imperante
1645 1185 1712 1258 do·
1785 1213 1839 1264 en.
1942 1173 1948 1180 ⁵

285 1307 376 1380 mino
401 1317 514 1380 nostro
529 1307 645 1381 besilio
661 1330 782 1403 magno
797 1309 995 1404 Imperatore
1010 1331 1095 1381 enno
1109 1310 1371 1383 vicesimonono:
1389 1310 1446 1382 sed
1461 1317 1494 1381 et
1508 1307 1710 1382 constentino
1762 1327 1850 1390 989.
1892 1353 1896 1362 ι

283 1441 384 1510 trater
406 1437 477 1510 eins
500 1459 620 1531 magno
642 1437 838 1531 imperatore
854 1459 939 1508 enno
953 1437 1109 1509 vicesimo
1124 1447 1217 1509 sexto
1231 1436 1284 1510 die
1300 1435 1453 1508 vicesimo
1470 1435 1588 1508 mensis
1605 1437 1712 1529 egesti

286 1562 464 1636 indictione
477 1563 616 1634 secunde
633 1562 771 1656 neapoli.
788 1563 892 1632 Horta
907 1569 956 1633 est
969 1561 1079 1656 itaque
1094 1561 1233 1632 intentio
1248 1559 1404 1631 internos
1422 1557 1565 1630 theotisti
1577 1557 1713 1630 honesta

286 1688 407 1760 demine
421 1689 488 1760 filie
502 1687 672 1784 quondam
687 1688 813 1760 domini
827 1687 941 1759 lunissi
955 1685 1125 1758 monaehi:
1149 1709 1209 1758 seu
1224 1684 1331 1778 sergio
1347 1683 1414 1756 filio
1430 1683 1564 1778 quidem
1587 1683 1713 1756 domini

285 1811 437 1884 iohannis
459 1811 802 1907 monaehiqnemque
824 1812 928 1882 meria
950 1811 1010 1906 qui
1026 1809 1179 1882 merenda
1196 1808 1374 1880 clametur:
1400 1830 1459 1880 seu
1474 1831 1556 1880 enne
1569 1808 1713 1882 honestis

284 1937 412 2009 feminis
435 1937 578 2008 uterinas
600 1957 770 2030 germanos
792 1934 874 2006 filim
897 1934 1063 2030 quondam
1085 1933 1211 2006 domini
1243 1931 1393 2004 iohannis
1416 1931 1471 2002 oui
1494 1953 1714 2026 supernomen

198 2041 202 2050 Ι
286 2065 457 2158 crespio:
484 2072 518 2136 et
540 2062 673 2158 quidem
695 2060 827 2136 domine
851 2061 985 2135 elisabet
1006 2085 1143 2133 monaca
1167 2061 1292 2133 dudum
1316 2059 1476 2155 iugalium
1499 2083 1713 2155 personamm

777 2190 941 2284 germanis
964 2211 1023 2262 seu
1045 2191 1161 2262 bitrioe
1185 2198 1218 2262 et
1241 2187 1424 2282 brehigno:
1451 2211 1514 2284 ego
1537 2197 1715 2260 memorata

287 2320 432 2393 theotisti
455 2317 591 2390 honeste
613 2319 732 2390 femine
756 2341 819 2412 pro
841 2319 914 2390 vioe
937 2325 971 2390 et
993 2319 1144 2413 portione
1167 2315 1315 2390 iohannis
1338 2328 1372 2388 et
1382 2366 1707 2390 ..............
1789 2297 1790 2307 ¹

295 2497 545 2519 ...........
554 2446 717 2542 germanis
741 2445 816 2519 filiis
837 2446 920 2518 meis
943 2469 1026 2542 quos
1049 2445 1131 2515 eheo
1153 2445 1194 2516 de
1217 2455 1399 2515 memorato
1423 2445 1561 2516 domino
1575 2443 1716 2516 iohanne

289 2593 427 2642 monooo
451 2567 576 2642 dudum
598 2570 673 2640 viro
697 2592 792 2640 meo:
819 2578 852 2639 et
875 2591 938 2662 ego
962 2577 1142 2640 memorato
1166 2567 1272 2661 sergio
1297 2591 1358 2660 pro
1381 2566 1415 2636 si
1418 2613 1708 2638 .............

288 2698 348 2794 qui
370 2697 453 2768 mihi
477 2697 616 2790 pertinet
638 2717 698 2788 per
720 2701 903 2764 memorato
926 2693 1061 2764 domino
1084 2692 1225 2764 iohanne
1248 2715 1386 2764 monaco
1410 2692 1551 2787 genitori
1574 2715 1668 2766 meo:
1684 2703 1717 2764 et

290 2847 351 2896 nos
374 2833 555 2896 memorato
579 2821 682 2892 merie
706 2832 740 2893 et
763 2844 846 2892 enne
868 2821 1004 2894 honeste
1027 2821 1147 2893 femine
1169 2817 1313 2894 uterinas
1337 2843 1395 2914 ger
1404 2869 1678 2894 ............
1685 2829 1718 2892 et

288 2952 437 3047 portione
460 2959 637 3022 memorate
662 2950 793 3022 domine
815 2949 948 3022 elisabet
970 2971 1105 3020 montes
1128 2949 1284 3043 genitrice
1306 2959 1415 3021 nostre
1431 2948 1490 3046 qui
1504 2957 1552 3021 est
1575 2947 1717 3018 uterinos

290 3101 458 3172 germanas
481 3079 653 3149 memorati
677 3077 800 3150 domini
824 3077 973 3148 iohannis
995 3077 1146 3149 monachi
1170 3079 1218 3148 thi
1242 3078 1353 3149 nostri.
1370 3079 1489 3148 lterum
1507 3099 1570 3170 ego
1593 3097 1719 3146 memo-

289 3213 358 3272 retn
381 3225 463 3273 enne
486 3201 620 3286 honeste
643 3202 763 3272 femina
788 3223 864 3270 oum
888 3223 1047 3272 consensu
1071 3201 1194 3272 domini
1218 3201 1332 3272 oeserii
1355 3199 1419 3270 viri
1443 3197 1528 3270 mei:
1545 3209 1579 3269 et
1593 3221 1653 3270 vos
1668 3197 1720 3269 vi·

290 3329 404 3399 delicet
436 3327 569 3398 domino
600 3326 753 3419 gregorio
784 3335 817 3396 et
840 3325 980 3397 iohanne
1005 3325 1141 3410 uterinis
1165 3325 1238 3397 filiis
1260 3327 1425 3420 quondam
1448 3324 1573 3397 domini
1596 3323 1719 3394 miliani

289 3455 346 3550 qui
370 3453 433 3525 tuit
456 3451 603 3524 exedelio
628 3473 783 3545 germnno
806 3455 978 3524 memorati
1000 3453 1125 3526 domini
1143 3451 1291 3522 iohannis
1310 3451 1462 3522 monaehi
1485 3463 1518 3522 et
1540 3459 1721 3522 memorate

289 3579 419 3652 domine
443 3579 575 3650 elisehet
596 3601 732 3648 monaco
755 3588 948 3675 voslaeutem
972 3603 1032 3673 pro
1055 3579 1127 3651 viee
1151 3589 1183 3651 et
1208 3577 1356 3672 portione
1381 3587 1486 3650 vestre
1509 3588 1542 3649 et
1566 3600 1625 3671 pro
1649 3579 1721 3649 vioe

290 3719 322 3778 et
344 3707 494 3802 portione
517 3705 650 3799 quidem
673 3705 819 3799 stephani
843 3707 978 3777 uterinis
1002 3707 1163 3800 germanis
1185 3707 1300 3780 vestris
1331 3706 1391 3804 qui
1422 3706 1504 3776 inire
1534 3714 1618 3776 etate
1651 3725 1721 3776 esse

289 3833 435 3905 hidetur:
460 3833 500 3903 do
523 3831 701 3903 intentione
724 3855 824 3926 quam
848 3833 1008 3904 internos
1022 3834 1172 3906 nhuimus
1195 3837 1331 3908 dicendo
1355 3857 1428 3930 pers
1443 3841 1553 3904 nostra
1576 3840 1721 3904 etversus

289 3979 350 4030 sos
358 4001 800 4028 ...................
808 3967 919 4026 serunt
941 3969 1121 4028 memorate
1145 3959 1274 4030 domine
1298 3959 1436 4030 iohanne
1452 3979 1585 4027 moneoe
1603 3967 1636 4026 et
1651 3977 1722 4027 me-

290 4093 416 4154 morate
439 4081 570 4154 domins
594 4079 726 4152 elisohet
749 4102 884 4151 moneo-s
907 4101 983 4152 oum
1006 4091 1187 4154 memorato
1209 4083 1375 4178 qnondam
1401 4081 1538 4153 domino
1563 4079 1721 4172 stephano

292 4209 432 4303 genitori
455 4216 564 4280 vestro
587 4209 645 4302 qni
668 4210 731 4280 tuit
753 4207 824 4278 thio
847 4217 959 4280 nostro
981 4210 1153 4282 memorati
1177 4210 1273 4304 sergii
1296 4219 1328 4281 et
1343 4216 1535 4281 memoratos
1551 4219 1721 4299 germenes

292 4336 333 4406 de
356 4333 536 4428 hospitibus
559 4333 689 4404 iliorum
713 4335 754 4406 de
778 4335 851 4404 loco
873 4337 933 4431 qui
956 4337 1142 4408 nominetur
1164 4337 1302 4411 eesnlem
1318 4335 1407 4408 dedit
1424 4342 1604 4408 memorato
1628 4329 1722 4426 geni-

291 4464 357 4532 tori
380 4473 489 4534 vestro
512 4463 553 4534 ed
578 4463 624 4535 eis
647 4463 799 4557 inpertite
822 4487 938 4536 eornm
961 4465 1085 4560 alperto
1109 4463 1234 4559 hospite
1265 4474 1376 4536 nostro
1407 4462 1465 4558 qui
1489 4461 1552 4534 init
1584 4461 1722 4534 obitetor

294 4591 327 4659 in
352 4601 532 4662 memorato
554 4587 628 4662 loeo
652 4593 790 4664 esselem
812 4592 872 4687 qni
895 4563 973 4664 iuno
995 4595 1187 4666 emundatus
1204 4599 1273 4663 eret
1288 4601 1320 4663 et
1335 4589 1423 4662 dedit
1440 4589 1514 4660 illut
1528 4591 1569 4660 sd
1582 4588 1629 4660 eis
1645 4563 1727 4658 oum*

294 4716 446 4788 homnem
470 4739 606 4788 suorum
629 4719 744 4790 iondos
768 4729 801 4790 et
825 4731 926 4790 terres
950 4729 1108 4815 quantum
1132 4727 1310 4792 memorato
1334 4717 1457 4812 alperto
1480 4715 1583 4786 tenuit
1606 4722 1639 4782 et
1662 4713 1722 4784 do-

293 4832 435 4916 minehi:
459 4853 492 4916 et
515 4867 588 4939 pers
610 4854 715 4914 vestre
740 4845 891 4916 dicebatis
909 4845 992 4916 ehsit
1015 4847 1061 4918 ud
1084 4845 1193 4918 sitite
1216 4869 1275 4918 neo
1299 4844 1372 4916 illos
1388 4844 1466 4915 deus
1481 4839 1577 4913 saciet
1592 4849 1629 4913 ut
1644 4862 1722 4910 me-

294 4983 422 5047 morato
445 4975 569 5072 otperto
592 4975 767 5049 extundeto
791 4975 916 5072 hospite
932 4985 1043 5049 nostro
1057 4975 1201 5051 dedisent
1216 4977 1258 5049 ed
1271 4977 1317 5049 eis
1331 4972 1482 5068 inpertite
1497 4971 1630 5048 illorum
1646 4992 1723 5041 eum

1375 5100 1392 5134 ἡ
