4876 6520
1380 583 1392 681 t
1416 592 1459 654 ⁷⁶
1483 581 1496 680 )

718 748 797 824 dum
821 745 1068 842 inperpetuum:
1095 745 1229 839 Insuper
1248 748 1281 812 et
1295 741 1337 814 ab
1352 742 1443 812 omni
1466 740 1599 813 bomine
1614 739 1769 834 omnique
1793 759 1931 833 persona
1946 741 2039 814 omni
2056 753 2142 816 mm·

718 901 799 973 pore
822 900 885 972 ego
901 885 934 946 et
948 872 1118 946 heredibus
1142 871 1222 942 meis
1245 871 1304 943 tivi
1319 862 1467 966 tuisque?
1478 869 1651 941 heredibus
1674 867 1792 939 exinde
1813 868 1848 938 in
1864 867 2018 941 omnibus
2042 881 2140 942 ante-

718 1017 803 1078 starc
819 1013 852 1075 et
867 1005 1032 1075 defensare
1055 1003 1228 1073 debeamus
1244 999 1380 1094 absque:
1406 998 1497 1069 omni
1520 1007 1577 1069 tua
1599 997 1824 1090 heredumque
1839 1005 1973 1068 tuorum
1992 999 2140 1073 damnie-

718 1143 807 1204 tete:
832 1141 966 1227 propter
987 1129 1075 1224 quod
1090 1129 1305 1220 accepimuse
1322 1135 1353 1195 te
1370 1127 1488 1197 exinde
1503 1127 1538 1196 in
1553 1124 1711 1218 presentis
1726 1125 1762 1194 in
1777 1145 1912 1198 omnem
1936 1129 2134 1202 decisionem

716 1283 773 1332 seu
796 1256 1025 1328 deliberatione
1048 1251 1131 1322 idest
1154 1251 1226 1320 auri
1249 1251 1313 1320 tari
1336 1251 1573 1344 quinquaginta
1603 1249 1687 1322 sicut
1715 1250 1800 1320 inter
1832 1252 1928 1324 nobis
1958 1257 2135 1328 convenit:

718 1381 856 1479 quodsi
879 1378 972 1449 aliter
994 1375 1181 1469 provenerit
1204 1375 1245 1445 dc
1269 1372 1321 1444 his
1344 1375 1496 1476 omnibus
1519 1377 1707 1446 memoratis
1731 1397 1796 1470 que
1810 1399 1830 1444 a
1844 1399 1899 1449 me
1922 1380 1983 1450 tivi
2009 1403 2138 1454 venun·

716 1509 803 1580 datas
834 1511 867 1572 et
888 1499 1020 1571 traditas
1050 1521 1107 1568 seu
1139 1499 1313 1592 promissas
1335 1498 1489 1593 leguntur
1522 1509 1579 1570 aut
1602 1498 1719 1593 quobis
1742 1507 1889 1593 tempore
1913 1512 2027 1574 contra
2050 1505 2135 1578 banc

715 1627 894 1701 chartulam
916 1623 1113 1697 venditionis
1135 1634 1174 1694 ut
1197 1647 1293 1718 super
1315 1624 1436 1718 legitur
1458 1627 1571 1696 venire
1595 1627 1863 1719 presumserimns
1887 1629 1994 1700 autin
2011 1631 2135 1728 aliquid

715 1755 829 1828 offensi
851 1752 1010 1824 iireriums
1033 1773 1092 1844 per
1114 1749 1232 1844 quobis
1255 1747 1391 1820 modum
1416 1757 1471 1820 aut
1494 1748 1672 1819 summissis
1695 1749 1842 1841 personis
1870 1758 1948 1823 tunc
1972 1776 2134 1849 compono

715 1903 778 1976 ego
792 1888 825 1950 et
840 1878 976 1950 heredes
998 1877 1080 1946 meis
1103 1876 1163 1947 tivi
1187 1876 1337 1969 tuisque:
1356 1874 1530 1947 heredibus
1554 1877 1627 1948 auri
1652 1876 1772 1947 solidos
1796 1876 1968 1970 vigintisex
1983 1879 2135 1954 bithian-

713 2015 784 2078 teos
806 2013 840 2074 et
861 2003 923 2074 hec
945 2001 1090 2074 chartula
1112 1999 1309 2071 venditionis
1330 2009 1369 2070 ut
1391 2000 1624 2095 supertegitur
1643 2001 1685 2071 sit
1700 2001 1927 2098 firmuscripta
1941 2025 2000 2098 per
2016 2027 2132 2080 manus

621 2192 622 2196 ,
714 2127 858 2222 gregorii
881 2125 1011 2197 esurialis
1043 2133 1075 2194 et
1097 2123 1256 2194 scriniarii
1283 2123 1425 2195 scrivere
1448 2136 1581 2218 rogatus
1599 2136 1632 2197 et
1647 2135 1779 2200 testesu
1804 2127 2042 2204 subscriverent
2066 2156 2130 2204 ro-

713 2255 863 2346 gavimus
886 2274 945 2345 per
967 2257 1145 2320 memorata
1168 2247 1274 2342 prima
1298 2247 1475 2319 indictione
1499 2249 1530 2344 †

804 2381 867 2450 boc
891 2381 1022 2472 signum
1044 2375 1076 2468 †
1098 2398 1213 2446 manus
1245 2379 1419 2450 memorati
1452 2377 1586 2450 iohanni
1613 2383 1671 2476 qui
1703 2383 1738 2454 in
1767 2385 1919 2456 omnibns
1941 2391 2132 2460 memoratis

711 2529 903 2580 eonsensum
927 2505 1014 2575 dedit
1038 2525 1101 2598 ego
1125 2505 1183 2597 qui
1207 2515 1405 2577 memoratos
1428 2507 1470 2578 ab
1493 2530 1568 2580 eum
1591 2520 1724 2603 rogatus
1739 2535 1799 2606 pro
1815 2536 1890 2586 eurn
1906 2513 2127 2615 subscripsi†

802 2645 835 2706 et
858 2659 898 2707 oe
921 2633 1082 2705 recordati
1116 2653 1227 2704 sumus
1262 2635 1338 2726 quia
1365 2643 1542 2704 memorata
1565 2645 1652 2706 terra
1676 2638 1864 2733 quemodo
1888 2649 2129 2714 tenetmemo-

707 2773 781 2834 rato
804 2762 921 2834 andrea
944 2760 1146 2855 presbitero:
1174 2761 1317 2854 pertinet
1340 2761 1380 2832 de
1403 2761 1536 2834 ecclesia
1559 2765 1659 2836 sancti
1684 2767 1834 2840 castrensi
1857 2767 1897 2839 de
1921 2793 2056 2842 marano
2070 2771 2129 2844 ubi

659 2877 661 2882 ’
708 2893 817 2956 custus
840 2906 908 2958 csse
931 2883 1079 2954 videtur:

801 3011 833 3107 †
858 3033 921 3104 ego
943 3011 1085 3082 stefanus
1109 3011 1283 3104 subscripsi
1307 3019 1340 3080 et
1361 3015 1570 3108 suprascripti
1594 3017 1655 3087 tari
1680 3019 1786 3112 recepi
1811 3015 1842 3113 †

801 3136 833 3232 †
859 3160 922 3228 ego
945 3136 1000 3206 leo
1024 3137 1200 3229 subscripsi
1224 3136 1254 3230 †

799 3257 832 3353 †
855 3278 918 3349 ego
942 3257 1094 3328 mastalus
1108 3258 1264 3329 Curialis:
1282 3269 1413 3356 rogatus
1428 3286 1448 3330 a
1464 3265 1649 3337 memoratis
1663 3271 1825 3361 germanis
1841 3273 1930 3344 testis
1945 3273 2129 3369 subscripsi.

705 3398 737 3458 et
761 3387 934 3459 memorati
957 3387 1020 3457 tari
1043 3387 1177 3458 traditos
1199 3387 1267 3460 vidi
1291 3390 1322 3485 †

800 3515 831 3612 †
856 3536 919 3607 ego
942 3516 1082 3585 steianus
1105 3515 1190 3586 filius
1214 3516 1338 3588 domini
1361 3519 1507 3613 sparani:
1541 3532 1672 3617 rogatus
1701 3549 1719 3594 a
1743 3530 1930 3600 memoratis
1954 3531 2117 3622 germanis

704 3637 776 3709 testi
799 3636 982 3731 subscripsi.
1007 3645 1040 3708 et
1062 3639 1235 3708 memorati
1259 3639 1321 3708 tari
1344 3640 1478 3711 traditos
1503 3641 1627 3740 bidi†

796 3762 828 3858 †
852 3785 914 3856 ego
936 3769 1046 3855 petrum
1069 3760 1156 3831 filius
1179 3761 1302 3830 domini
1325 3761 1431 3833 basilii
1454 3777 1586 3869 rogatus
1603 3774 1858 3868 asupraseriptis
1882 3783 2044 3872 germanis
2061 3796 2119 3856 te-

701 3891 742 3960 sti
766 3887 941 3982 subscripsi
965 3897 998 3958 et
1021 3888 1227 3982 suprascripti
1251 3888 1312 3959 tari
1337 3890 1472 3964 traditos
1495 3893 1563 3966 bidi
1587 3894 1618 3990 †

795 4012 826 4106 †
849 4015 920 4106 Ego
943 4015 1112 4108 gregorius
1135 4015 1273 4088 druidis
1296 4027 1328 4090 et
1351 4021 1538 4096 scriniarius
1561 4025 1730 4121 Complevi
1744 4055 1803 4126 per
1818 4049 1995 4112 memorata
2011 4044 2118 4138 prime

700 4139 878 4214 indictione
901 4139 933 4234 †
