4876 6520
617 1229 674 1276 an,
836 1188 919 1284 †1n
931 1187 1064 1260 nomine
1079 1185 1203 1257 domini
1218 1183 1270 1255 dei
1285 1182 1455 1254 salvatoris
1466 1183 1571 1252 nostri
1584 1180 1679 1253 lhesn
1701 1179 1823 1252 Christi
1837 1183 2019 1276 Imperante
2033 1183 2166 1258 domino

602 1341 688 1405 987.
748 1329 855 1390 nostro
878 1317 990 1387 basilio
1012 1335 1130 1405 magno
1145 1313 1340 1404 Imperatore
1366 1331 1450 1380 anno
1473 1309 1628 1381 vicesimo
1652 1311 1800 1403 septimo.
1826 1311 1881 1382 sod
1906 1320 1939 1380 et
1963 1316 2164 1386 constantino

747 1465 863 1540 magno
879 1445 1076 1534 Imperatore
1091 1443 1189 1511 frater
1206 1438 1276 1508 eius
1290 1455 1375 1508 anuo
1390 1437 1545 1508 vicesimo
1560 1445 1694 1530 quarto:
1711 1438 1770 1507 Die
1791 1437 2027 1532 quintodecimo
2044 1441 2165 1512 mensis

745 1567 853 1638 martii
876 1564 1049 1638 indicb'ono
1074 1563 1188 1658 quinta
1210 1563 1336 1635 decimu
1350 1559 1487 1655 neapoli.
1502 1562 1629 1633 Merissi
1644 1561 1812 1633 divisionis
1828 1565 1910 1634 facta
1926 1587 1945 1632 u
1960 1563 2054 1636 nobis
2069 1565 2164 1638 theo-

745 1689 890 1761 donundu
912 1688 1046 1762 honeste
1070 1687 1190 1759 femina
1212 1684 1278 1756 filia
1300 1685 1464 1781 qrrondam
1487 1685 1623 1758 iohanni
1646 1709 1704 1757 seu
1729 1687 1833 1756 maria
1855 1685 1989 1759 honesto
2013 1688 2164 1782 pbemine

745 1819 812 1888 titia
834 1817 997 1913 quondam
1019 1815 1115 1909 petri.
1140 1837 1181 1884 oc
1204 1822 1252 1884 est
1274 1813 1358 1884 thias
1373 1821 1407 1884 et
1421 1823 1572 1908 nepotes:
1596 1816 1636 1886 de
1653 1814 1794 1906 integras
1809 1815 1887 1884 duos
1904 1815 2006 1906 potios
2022 1816 2062 1885 de
2079 1827 2164 1885 terro

747 1951 856 2013 nostre
880 1942 999 2034 positas
1022 1960 1101 2009 vero
1125 1941 1160 2010 in
1182 1937 1255 2009 loco
1274 1939 1334 2031 qui
1347 1947 1481 2010 vocatur
1494 1959 1664 2008 maranum
1679 1947 1712 2007 et
1726 1937 1913 2009 nominatru
1928 1937 1969 2008 ad
1985 1941 2163 2012 anianum:

748 2089 830 2160 ques
852 2065 994 2136 dividere
1017 2062 1101 2135 vises
1126 2079 1238 2135 sumtus
1269 2063 1305 2135 in
1337 2063 1486 2158 quintam
1507 2071 1655 2156 portem:
1680 2062 1766 2132 inter
1790 2085 1849 2134 nos
1873 2071 1907 2132 et
1930 2085 1989 2134 vos
2012 2063 2163 2136 videlicet
2227 2113 2233 2123 -

749 2210 833 2256 anna
856 2195 889 2257 et
911 2185 1024 2257 sillicta
1047 2207 1104 2256 seu
1127 2185 1280 2278 gregorio
1310 2185 1446 2256 uterinis
1479 2181 1643 2280 germanis
1674 2205 1732 2256 seu
1763 2183 1839 2254 thiis
1861 2185 1999 2256 nostris:
2023 2185 2074 2255 De
2100 2207 2165 2281 qur

749 2315 855 2408 tetigit
877 2313 912 2382 in
935 2312 995 2382 istc
1017 2309 1167 2402 portione
1197 2309 1303 2402 prima
1332 2329 1392 2380 vos
1423 2317 1601 2380 memoratu
1632 2331 1716 2379 anna
1739 2317 1772 2380 et
1793 2309 1945 2382 iamdicta
1968 2309 2083 2382 sidicta
2106 2333 2164 2382 seu

748 2436 972 2528 prenominato
994 2432 1168 2526 gregorio:
1193 2431 1286 2501 lDest
1309 2432 1436 2525 integra
1458 2454 1523 2504 unu
1546 2430 1633 2525 petie
1656 2433 1696 2504 dc
1717 2431 1785 2526 ipsa
1800 2441 1886 2503 terre
1905 2431 1964 2527 qui
1978 2441 2027 2504 est
2041 2433 2082 2503 de
2096 2455 2163 2504 uno

740 2564 847 2634 -latere
870 2562 953 2632 iusta
975 2569 1062 2630 terra
1084 2557 1231 2652 stephani
1254 2555 1429 2630 celciolmii
1451 2559 1492 2630 de
1515 2558 1712 2631 umanum
1735 2559 1831 2632 sicuti
1853 2560 1938 2630 inter
1961 2581 1995 2628 so
2010 2559 2163 2632 termines

747 2689 920 2760 exfinund:
946 2697 979 2759 ct
1002 2711 1044 2758 ex
1069 2685 1131 2758 olio
1157 2686 1257 2758 latere
1272 2695 1320 2758 est
1334 2697 1419 2760 terra
1434 2687 1568 2763 iohanni
1590 2685 1766 2758 calciolarii
1791 2685 1858 2756 tilio
1881 2685 2044 2782 quondum
2065 2709 2164 2757 vene·

748 2817 825 2887 dicti
848 2814 942 2886 sicuti
965 2813 1049 2884 inter
1071 2836 1106 2885 se
1119 2813 1223 2885 levate
1247 2811 1384 2887 exfined
1408 2814 1448 2887 de
1464 2836 1530 2886 uno
1545 2813 1649 2907 capite
1665 2823 1713 2885 est
1728 2813 1868 2887 clusurio
1883 2812 2041 2886 heredum
2056 2835 2162 2908 quon·

712 2991 722 3000 .
748 2939 823 3008 dam
846 2937 984 3009 simeoni
1006 2935 1157 3008 monachi
1180 2937 1276 3008 sicuti
1299 2935 1384 3010 inter
1406 2959 1441 3010 se
1463 2937 1548 3031 sepis
1571 2938 1720 3010 extined:
1746 2939 1787 3008 ed
1812 2959 1891 3010 vero
1913 2935 1978 3006 alio
1994 2934 2098 3032 capito
2114 2945 2162 3006 est

746 3067 801 3136 via
823 3063 971 3160 publica:
996 3071 1029 3134 et
1052 3063 1092 3134 od
1115 3062 1221 3134 vicem
1242 3063 1350 3156 tetigit
1373 3064 1409 3134 in
1432 3064 1582 3157 portione
1606 3063 1746 3136 secunda
1773 3083 1834 3133 nos
1864 3068 2043 3132 memorata
2068 3059 2163 3132 theo-

736 3163 895 3260 ¹donanda
916 3189 1053 3259 honesta
1075 3189 1194 3260 femina
1218 3197 1250 3260 et
1272 3187 1424 3258 iamdicto
1446 3189 1548 3258 moria
1570 3189 1704 3260 honesta
1727 3185 1881 3280 phemius
1904 3187 1995 3256 [Dest
2018 3186 2160 3279 integras

748 3315 809 3384 alia
832 3313 919 3408 petia
941 3315 980 3386 de
1004 3324 1089 3385 terro
1119 3323 1229 3386 nostre
1251 3317 1372 3409 positos
1395 3314 1442 3385 rbi
1464 3315 1571 3409 ipsum
1596 3314 1632 3385 in
1656 3333 1826 3386 maranum
1850 3323 1884 3384 et
1907 3312 2093 3424 nominatur
2118 3312 2163 3382 si-

748 3442 869 3513 militer
891 3442 932 3512 ed
955 3443 1124 3514 anianum:
1161 3446 1219 3538 qui
1243 3453 1291 3514 est
1314 3445 1354 3518 de
1377 3465 1444 3522 uno
1475 3443 1575 3515 latere
1598 3444 1683 3514 iusta
1707 3453 1794 3515 terra
1815 3443 1973 3516 heredum
1998 3439 2169 3536 quondm

747 3568 871 3640 domini
887 3567 1030 3660 gregorii
1053 3569 1093 3637 de
1115 3569 1215 3640 siculo
1238 3568 1333 3640 sicuti
1356 3569 1441 3640 inter
1455 3589 1490 3640 se
1504 3567 1655 3640 lavinarii
1669 3566 1806 3641 extinad.
1822 3577 1913 3642 etex
1929 3567 1992 3637 alio
2016 3566 2115 3636 latere
2130 3574 2163 3634 et

747 3695 787 3766 de
810 3717 875 3766 uno
899 3695 1002 3787 cupite
1025 3704 1074 3764 est
1096 3695 1150 3765 via
1173 3695 1334 3786 publicam
1358 3695 1399 3764 ad
1421 3717 1502 3766 vero
1525 3691 1590 3764 ulio
1613 3695 1719 3786 capite
1742 3701 1827 3764 terra
1842 3693 1976 3766 heredes
1999 3693 2163 3787 quondum

747 3819 870 3889 domini
885 3819 953 3889 ursi
968 3820 1008 3888 de
1023 3818 1151 3911 gurgite
1166 3817 1261 3888 sicuti
1276 3819 1361 3888 inter
1376 3841 1411 3889 se
1426 3821 1562 3890 fossatus
1576 3817 1739 3893 exfiuand:
1753 3816 1825 3891 Hoc
1840 3843 1919 3891 vero
1934 3821 2041 3913 portio
2055 3819 2161 3914 primu

746 3968 907 4016 unacum
931 3943 1099 4016 arvon'bus
1122 3950 1156 4012 et
1178 3943 1312 4014 introito
1335 3965 1394 4014 suo
1409 3943 1646 4041 bomnibusque
1660 3945 1707 4016 eis
1721 3944 1972 4040 pertinentibus:
1997 3943 2159 4038 legatione

746 4047 913 4162 dispositas
935 4067 1120 4138 memoratis
1142 4066 1302 4159 iugalibus
1325 4065 1524 4164 genitoribus
1548 4077 1580 4138 et
1603 4067 1684 4140 abiis
1706 4069 1824 4140 nostris
1839 4078 1877 4140 ut
1892 4067 2035 4139 continet
2051 4069 2093 4140 sit
2108 4067 2160 4138 iu·

747 4203 797 4263 ter
819 4192 912 4263 nobis
935 4193 1115 4287 nostrisque
1138 4193 1309 4266 heredibus
1332 4195 1424 4268 firma
1447 4202 1481 4266 et
1504 4193 1625 4266 stabilis
1649 4195 1684 4266 in
1699 4203 1912 4290 perpetuum:
1938 4193 2023 4280 Quia
2046 4195 2091 4264 ita
2108 4194 2160 4263 iu-

746 4331 796 4388 ter
830 4319 923 4389 nobis
953 4319 1132 4390 oombenit:
1164 4322 1199 4392 Si
1222 4332 1330 4394 autem
1361 4346 1420 4394 nos
1453 4325 1517 4396 aud
1546 4322 1680 4394 heredes
1711 4324 1829 4394 nostris
1863 4323 1981 4417 quovis
2014 4331 2160 4415 tempore

747 4451 859 4512 contra
880 4443 964 4514 banc
986 4443 1111 4515 merissi
1134 4444 1300 4516 divisionis
1323 4457 1361 4516 ut
1382 4469 1479 4540 super
1502 4447 1622 4541 legitur
1645 4446 1757 4520 venire
1776 4449 2045 4542 presumserimus
2069 4457 2102 4517 et
2125 4447 2161 4518 in

747 4559 860 4655 eliquit
880 4559 1016 4662 inoffensi
1038 4563 1194 4633 fuerimus
1209 4587 1268 4656 per
1286 4564 1403 4660 quobis
1417 4565 1551 4638 modum
1566 4564 1653 4638 haud
1667 4567 1871 4640 summissam
1886 4587 2057 4662 personam
2081 4574 2161 4638 tvmc

746 4687 924 4782 componod
947 4712 1021 4783 pars
1043 4691 1144 4784 ipsius
1167 4691 1302 4762 infidelis
1325 4700 1358 4762 et
1379 4689 1513 4764 heredes
1542 4694 1613 4769 eius
1636 4693 1708 4766 aviri
1731 4695 1849 4768 solidos
1868 4693 1987 4788 viginti
2010 4715 2068 4764 sex
2092 4693 2162 4788 by-

746 4813 921 4884 thiauteos:
945 4825 978 4884 et
1001 4837 1038 4884 ee
1056 4817 1182 4888 merissi
1205 4816 1372 4890 divisionis
1386 4828 1423 4889 ut
1438 4841 1534 4912 super
1548 4819 1684 4911 legitur:
1700 4820 1742 4891 sit
1757 4819 1866 4890 firma:
1881 4818 1998 4914 scripta
2013 4841 2071 4912 por
2087 4841 2158 4888 ma-

746 4959 807 5007 nus
829 4941 912 5029 petri
934 4941 1083 5032 scriptori
1106 4941 1264 5036 discipulo
1279 4945 1402 5020 domiui
1417 4943 1550 5018 iohanni
1565 4945 1679 5018 curiali
1699 4969 1758 5039 per
1781 4945 1955 5019 indictione
1978 4954 2157 5020 memorato

746 5061 1005 5158 quintodecimo:
1031 5063 1064 5160 ἦ·
