4876 6520
1436 667 1553 767 (⁶⁰)

789 835 944 934 scriptum
977 837 1201 910 incunctanter
1231 833 1390 904 credatur.
1423 829 1531 924 sigillo
1563 800 1675 898 nostro
1709 824 1892 894 continente
1909 812 2009 890 intus
2034 821 2209 914 imaginem

796 967 899 1038 sancti
922 946 1174 1058 protomartyris
1197 957 1355 1052 stephani.
1373 954 1455 1026 etin
1478 977 1561 1049 gyro
1585 972 1705 1021 nomen
1728 947 1798 1018 cius
1822 945 1983 1017 affiximus
2006 945 2205 1018 roboratum.
2264 947 2267 950 ’

794 1091 900 1173 Quam
924 1087 1073 1159 videlicet
1095 1083 1253 1156 libertatis
1277 1080 1512 1151 absolutionem
1528 1075 1588 1146 tibi
1604 1073 1737 1145 iohanni
1751 1071 1949 1143 subdiacono
1972 1070 2213 1204 Ptissssssefitssl.

789 1215 1034 1290 bibliothecario
1057 1221 1169 1284 nostro
1192 1209 1333 1280 scribere
1356 1206 1569 1300 precepimus.
1594 1227 1653 1273 nec
1676 1225 1743 1272 non
1765 1211 1798 1272 et
1821 1204 1961 1297 propriis
1987 1204 2135 1278 manibus
2158 1229 2210 1275 sa-

791 1345 944 1419 cerdotes.
959 1341 1167 1432 reliquosque
1190 1335 1325 1406 clericos
1348 1339 1475 1404 nostros
1498 1355 1533 1402 se
1556 1331 1756 1402 subscribere
1780 1331 1942 1402 iussimus.
1959 1341 1991 1403 et
2006 1355 2067 1426 pro
2082 1337 2208 1406 confir-

791 1469 932 1543 matione
947 1463 1206 1558 supradictorum
1220 1457 1366 1530 omnium
1384 1455 1848 1530 secundumconsuetudinem
1866 1467 2093 1550 preceptorum
2111 1483 2210 1534 manu

790 1606 898 1668 nostra
920 1591 1179 1686 subscripsimus.
1204 1588 1288 1661 Actu
1311 1587 1439 1679 Capuae
1467 1585 1503 1655 in
1518 1583 1731 1655 sacratissimo
1754 1582 2042 1677 Arcbiepiscopatu
2064 1586 2208 1658 feliciter.

885 1721 916 1817 †
940 1745 1003 1815 ego
1026 1721 1086 1815 qui
1108 1739 1207 1811 supra
1229 1713 1395 1786 auloaldus
1418 1711 1662 1784 archidiaconus
1686 1735 1727 1782 ex
1751 1711 1892 1782 iussione
1918 1711 2047 1806 ¹domini
2073 1715 2209 1786 adenolfi

794 1849 1025 1944 archiepiscopi
1048 1871 1101 1916 me
1124 1842 1300 1937 subscripsi

887 1976 919 2072 †
941 2001 1003 2070 ego
1026 1985 1136 2069 petrus
1160 1973 1324 2044 diaconus.
1347 1995 1390 2042 ex
1413 1969 1555 2042 iussione
1585 1970 1709 2042 domini
1737 1968 1874 2042 adenolfi
1902 1969 2135 2067 archiepiscopi
2159 1987 2211 2046 m'e

794 2101 975 2195 subscripsi.
1895 2181 1901 2188 .

889 2226 920 2323 †
943 2251 1005 2323 ego
1026 2229 1079 2299 leo
1102 2227 1259 2298 diaconus
1281 2247 1323 2295 ex
1347 2221 1490 2294 iussione
1514 2215 1638 2292 domini
1659 2217 1795 2290 adenolfi
1820 2219 2050 2316 archiepiscopi
2067 2249 2120 2298 me
2136 2228 2211 2297 suh-

793 2350 904 2444 scripsi

888 2475 1005 2568 †ego
1036 2483 1106 2544 toto
1137 2471 1385 2564 archipresbiter
1417 2495 1460 2541 ex
1483 2467 1624 2541 iussione
1655 2466 1780 2538 domini
1809 2467 1945 2540 adenolfi
1977 2469 2211 2565 archiepiscopi

793 2625 846 2672 me
869 2599 1053 2693 subscripsi.

889 2728 920 2822 †
943 2731 1076 2800 loannes
1098 2726 1258 2820 presbiter
1281 2733 1314 2797 et
1336 2724 1552 2819 primicerius.
1568 2747 1611 2794 ex
1626 2722 1769 2796 iussione
1794 2725 1918 2798 domini
1935 2727 2072 2800 adenolfi
2090 2731 2213 2804 archie-

799 2857 922 2950 piscopi
945 2879 998 2928 me
1021 2855 1208 2950 subscripsi.

888 2983 919 3080 †
943 3007 1004 3076 ego
1027 2983 1215 3076 boniportus
1231 2976 1387 3076 presbiter
1402 3002 1444 3050 ex
1459 2979 1602 3051 iussione
1618 2977 1741 3050 domini
1759 2980 1896 3052 adenolfi
1919 2979 2148 3077 archiepiscopi
2162 3006 2214 3056 me

799 3107 985 3182 subscribsi.

907 3231 1024 3327 †ego
1047 3234 1222 3306 audoaldus
1245 3231 1461 3336 subdiaconus
1494 3257 1535 3303 ex
1563 3233 1702 3305 iussione
1731 3235 1854 3306 domini
1886 3237 2021 3308 adenolfi
2049 3237 2216 3331 archiepi-

807 3359 895 3452 scopi
920 3384 971 3430 me
995 3357 1167 3452 subscripsi

901 3481 1015 3576 †ego
1039 3485 1171 3554 ioannes
1197 3483 1413 3556 subdiaconus
1440 3509 1482 3556 ex
1502 3483 1645 3558 iussione
1668 3485 1791 3558 domini
1824 3485 1961 3559 adenolfi
1985 3486 2216 3580 archiepiscopi

800 3637 852 3682 rue
876 3609 1045 3681 subscribsi

769 3741 772 3764 '
899 3737 930 3832 †
953 3759 1014 3830 ego
1038 3738 1089 3808 leo
1112 3738 1327 3812 subdiaconus
1355 3763 1397 3810 ex
1421 3740 1563 3813 iussione
1586 3741 1708 3814 domini
1734 3743 1870 3815 adenolfi
1900 3742 2130 3838 archiepiscopi
2162 3767 2216 3813 me

797 3865 966 3956 subscripsi

1178 4126 1798 4224 peruentum
