4876 6520
646 1121 702 1170 an.
870 1102 961 1198 ¹†,1n
979 1102 1115 1174 nomine
1139 1098 1263 1172 domini
1287 1097 1428 1170 seeundo
1452 1117 1537 1167 anno
1561 1093 1759 1191 principatus
1779 1091 1903 1168 domini
1923 1093 2078 1169 mansoni.
2094 1103 2127 1168 et
2143 1099 2200 1170 de

630 1232 717 1296 982·
773 1227 857 1304 mini
876 1225 1014 1300 iohanni
1045 1223 1115 1295 eius
1146 1221 1231 1292 tilius
1260 1243 1370 1292 menae
1398 1219 1508 1316 magio
1532 1217 1657 1292 decimu
1680 1218 1868 1292 indictione.
1902 1219 2080 1318 Ideoquem
2101 1245 2162 1296 noa
2186 1223 2199 1292 i

549 1333 553 1342 ¹
776 1371 887 1425 snmus
910 1349 995 1444 petri
1018 1358 1051 1420 et
1073 1345 1223 1418 iohanne.
1246 1353 1280 1418 et
1302 1345 1397 1442 petri.
1422 1355 1455 1420 et
1477 1345 1538 1430 tilii
1561 1347 1653 1420 cotti.
1679 1355 1713 1419 et
1736 1346 1876 1420 iohanne
1900 1356 1933 1420 et
1956 1350 2034 1421 uotti
2050 1359 2083 1422 et
2099 1351 2194 1430 mari,
2312 1337 2318 1344 ’

776 1491 808 1554 et
830 1478 994 1574 irqnintus
1016 1474 1176 1572 presbiter
1199 1473 1260 1549 tilii
1282 1473 1361 1570 piri.
1387 1484 1420 1547 et
1433 1473 1528 1548 elim.
1545 1482 1578 1547 et
1593 1474 1748 1582 iohannes
1763 1475 1847 1548 filim
1861 1477 2035 1550 mauronti.
2051 1485 2085 1550 et
2098 1481 2197 1574 petri.

775 1603 922 1676 affiliatus
945 1601 1030 1696 petri
1053 1600 1115 1672 toti
1138 1599 1311 1671 habitatori
1332 1598 1369 1672 in
1392 1597 1574 1686 dumuoelle
1596 1600 1761 1674 territorio
1783 1599 1957 1676 tauritano.
1972 1625 2013 1676 eo
2028 1612 2112 1699 quot
2126 1615 2199 1680 ante

774 1751 878 1803 renos
900 1726 1051 1800 beminen
1074 1725 1133 1821 qui
1150 1724 1268 1802 imbre
1290 1723 1402 1820 seripti
1426 1733 1509 1810 mut.
1533 1724 1631 1804 talem
1654 1725 1809 1820 placitum
1830 1727 1968 1828 semmua
1990 1729 2050 1811 ¹tibi
2065 1730 2199 1806 domino

701 1873 721 1888 ··
776 1859 910 1932 iohanni
941 1855 1132 1944 benerabilin
1164 1853 1280 1926 abbati.
1313 1853 1354 1926 de
1382 1853 1580 1928 monasterio
1612 1853 1719 1927 sanctie
1742 1854 1795 1930 dei
1819 1855 1984 1952 genitricis
2007 1867 2040 1932 et
2063 1859 2198 1955 virginio

776 1983 887 2056 marie
911 1982 970 2079 qui
990 1981 1162 2070 beditimta
1185 1988 1234 2054 est
1257 1979 1298 2051 ad
1320 1981 1390 2076 ime
1411 1988 1502 2055 turre
1526 2001 1624 2075 supra
1638 1979 1743 2058 eroice
1760 1980 1795 2053 in
1808 1959 2086 2064 monteroserio,
2109 1985 2199 2081 quod

776 2115 910 2188 domino
932 2111 1088 2190 martinus
1109 2107 1303 2190 benerubflin
1326 2107 1436 2182 abban.
1472 2133 1492 2182 a
1520 2107 1608 2181 nobo
1635 2109 1823 2190 fundamine
1846 2112 2041 2184 combuxit.
2066 2113 2108 2192 da
2130 2114 2200 2209 ipra

775 2235 866 2330 peria
890 2235 931 2316 de
954 2244 1039 2308 terra
1063 2233 1224 2324 arbustnta
1247 2231 1352 2327 posita
1374 2233 1409 2304 in
1432 2231 1614 2316 dumuoelin
1642 2233 1681 2314 in
1712 2233 1822 2308 locum
1852 2234 1911 2314 obi
1938 2235 2043 2318 furele
2065 2247 2200 2318 notator

778 2361 942 2447 territorio
966 2361 1126 2450 lauritano
1150 2359 1284 2452 eoquod
1307 2381 1367 2432 nos
1390 2357 1578 2432 adiratastia
1601 2359 1636 2433 in
1660 2360 1865 2436 medietatem
1888 2363 1929 2436 de
1952 2364 2022 2459 ipen
2044 2365 2136 2460 peria
2158 2365 2199 2444 de

774 2497 869 2561 terrun
893 2497 925 2560 et
944 2486 1016 2584 ¹ipsa
1040 2485 1131 2580 pecie
1152 2483 1195 2556 de
1219 2491 1305 2568 terra
1328 2482 1389 2554 bec
1412 2483 1484 2574 finis
1507 2483 1613 2556 babet
1637 2483 1678 2556 de
1700 2505 1768 2558 uno
1790 2485 1901 2560 lutere.
1925 2495 1959 2560 et
1982 2489 2023 2560 de
2046 2511 2114 2576 uno
2137 2513 2198 2561 ra·-

747 2623 749 2628 '
776 2620 842 2714 pite
866 2617 945 2702 fines
968 2623 1075 2688 sancte
1098 2614 1215 2688 nolaue
1238 2612 1382 2686 ecclesie.
1408 2611 1449 2684 de
1471 2635 1539 2684 uno
1563 2613 1672 2702 latere.
1695 2622 1728 2686 et
1751 2613 1904 2710 desuper
1926 2616 2029 2711 eapite
2046 2617 2109 2692 fine
2128 2642 2196 2694 no·-

774 2754 841 2818 etra
865 2744 923 2842 qui
946 2765 1044 2838 snpra
1067 2739 1224 2814 nominati
1247 2742 1392 2834 germani
1416 2749 1449 2812 et
1468 2749 1640 2815 eonaortea.
1656 2740 1691 2812 in
1704 2740 1767 2814 tale
1780 2765 1861 2816 vero
1876 2743 1990 2824 ordine
2003 2767 2062 2818 noo
2075 2743 2197 2820 ibidem

776 2867 943 2952 affratmtis
966 2865 1093 2962 inipso
1116 2863 1285 2936 medietate
1308 2873 1449 2936 vestram
1472 2861 1513 2936 de
1536 2864 1605 2960 inea
1625 2866 1718 2960 petia
1742 2863 1783 2946 de
1805 2874 1893 2948 tenua
1916 2892 1981 2964 que
2004 2869 2141 2963 pertinet
2155 2871 2196 2948 ad

774 3000 844 3092 ipso
867 3002 977 3084 saneto
999 3003 1108 3080 uestro
1129 2992 1336 3074 monasterio,-
1359 2999 1396 3062 ut
1419 3011 1479 3061 nos
1502 2999 1535 3066 et
1548 2992 1682 3072 heredes
1704 2993 1816 3066 nostri.
1831 2993 1899 3088 ipna
1914 2995 2116 3070 medietatam
2132 3021 2196 3072 ve·

773 3135 838 3194 stru
862 3130 1028 3214 pontenano
1052 3119 1227 3190 deventum
1249 3114 1324 3186 bitin
1348 3125 1382 3188 et
1405 3115 1522 3186 arbori.
1554 3137 1613 3190 seu
1647 3115 1721 3188 ulia.
1752 3117 1911 3212 pomifera
1933 3121 2112 3194 fructifera.
2139 3123 2196 3196 tali

777 3273 856 3323 uero
883 3246 998 3320 ordine
1022 3253 1058 3317 ut
1081 3244 1150 3340 ipse
1174 3241 1380 3316 medietatem
1402 3249 1440 3314 ut
1463 3263 1560 3338 supra
1583 3242 1724 3317 dinimm
1741 3253 1906 3340 partemne
1923 3247 2095 3322 deveanuua
2111 3273 2191 3324 vene

781 3389 819 3449 ut
842 3377 972 3472 expedit
995 3383 1032 3446 nt
1054 3383 1166 3470 pereat
1189 3393 1271 3446 uene
1294 3378 1508 3467 pertentatum.
1533 3393 1592 3462 neu
1613 3370 1781 3458 cubatum.
1807 3381 1840 3445 et
1859 3374 1935 3460 illut
1954 3378 2106 3458 robbiano
2127 3381 2194 3458 de·
2236 3457 2241 3466 Ι

775 3525 908 3590 ‚vermos
931 3521 1007 3590 cum
1029 3499 1108 3588 bobi
1131 3506 1164 3570 et
1187 3498 1229 3585 ad
1252 3519 1352 3584 menn
1375 3495 1552 3590 dirigenter
1574 3503 1650 3591 apto
1674 3508 1827 3590 tempore
1859 3500 1900 3572 ad
1930 3499 2193 3579 bindemiandum

775 3635 844 3726 ipna
868 3629 1033 3704 bindemie
1063 3649 1123 3700 nos
1156 3625 1216 3722 qui
1248 3647 1346 3720 supra
1377 3621 1536 3701 nominati
1560 3623 1707 3718 germani
1730 3634 1763 3696 et
1787 3626 1902 3696 nostrin
1925 3625 2097 3702 heredibus
2120 3631 2201 3712 illut¹
2228 3609 2233 3620 ¹

771 3759 970 3839 bindemiare
994 3755 1169 3842 debeamus
1191 3773 1267 3824 eum
1289 3749 1381 3822 omni
1402 3759 1514 3838 nostro
1538 3749 1711 3844 expendio.
1738 3759 1771 3821 et
1793 3753 1834 3822 nd
1849 3751 2048 3848 pulmentum
2064 3756 2191 3832 trahere
2339 3849 2343 3855 Ι

774 3902 806 3962 et
829 3883 1135 3990 quioquidibidem
1159 3880 1273 3970 vinum
1296 3878 1457 3957 muudum
1488 3880 1529 3952 de
1563 3901 1660 3974 supra
1689 3877 1814 3950 dederit
1836 3880 1871 3952 in
1894 3881 1962 3975 ipsa
1986 3885 2191 3984 medietatem

771 4019 811 4088 de
844 4016 912 4108 ipsu
943 4011 1033 4106 pecie
1066 4012 1105 4083 de
1138 4017 1224 4098 terra
1255 4016 1361 4083 restra
1383 4029 1443 4101 per
1465 4005 1636 4080 medietate
1660 4006 1732 4078 illut
1754 4007 1839 4077 inter
1861 4031 1922 4086 uos
1945 4011 2125 4096 dibidamus
2147 4017 2190 4089 nd

770 4139 978 4234 palmentum.
1002 4157 1062 4230 nos
1085 4133 1143 4228 qui
1167 4153 1264 4224 supra
1286 4128 1432 4223 germani
1448 4127 1596 4198 tollamus
1614 4127 1829 4210 medietatem.
1848 4139 1880 4203 ot
1895 4146 2023 4218 nostros
2038 4135 2185 4220 heredes,

770 4277 803 4340 et
826 4288 885 4338 uos
909 4263 968 4358 qui
991 4284 1087 4355 eupm
1110 4257 1245 4348 domiuo
1267 4255 1422 4332 iohannes
1444 4252 1635 4330 benerabidis
1658 4253 1768 4338 abban.
1793 4267 1827 4328 et
1840 4268 1964 4332 vestros
1978 4261 2185 4356 posteriores.

769 4391 886 4474 tollatis
909 4389 1037 4484 reliqua
1060 4385 1266 4472 medietatem
1282 4391 1408 4454 tantum
1422 4381 1490 4477 ipsa
1504 4381 1627 4476 peciola
1643 4381 1729 4455 iusto
1743 4383 1857 4457 ordine
1872 4385 2011 4481 pisatum
2025 4399 2058 4462 et
2073 4389 2186 4470 rebal-

768 4519 871 4612 latum
895 4535 993 4609 nuper
1017 4533 1076 4582 nos
1100 4508 1212 4582 tollere
1235 4509 1408 4596 deveamun
1425 4513 1497 4580 ante
1510 4515 1643 4595 sortem.
1667 4517 1701 4580 et
1717 4509 1848 4603 quando
1863 4509 1986 4594 ibidem
2004 4513 2186 4596 direxeritis

764 4643 962 4720 monachum
984 4645 1129 4712 vestrum
1151 4643 1208 4708 aut
1231 4633 1332 4706 atium
1355 4633 1533 4707 hominem.
1557 4657 1619 4729 pro
1641 4634 1803 4708 bindemie
1827 4637 1896 4732 ipen
1911 4639 2060 4732 portione
2078 4649 2184 4713 vestra

764 4777 908 4872 recipere
929 4773 971 4849 de
995 4769 1066 4865 ipso
1090 4765 1181 4838 bino.
1205 4765 1281 4837 dare
1313 4763 1359 4835 eis
1388 4761 1562 4842 debeamus
1594 4761 1788 4846 manducare
1811 4771 1844 4838 et
1868 4765 1979 4846 bibere
2002 4777 2040 4838 ut
2062 4769 2183 4841 iustum

765 4905 875 4976 tuerit.
901 4907 935 4972 et
957 4897 997 4972 ud
1020 4891 1178 4968 caballum
1203 4890 1244 4963 de
1267 4889 1374 4984 ipsum
1396 4887 1563 4966 hominem
1579 4911 1678 4985 quem
1694 4887 1740 4960 ibi
1755 4889 1948 4964 direxeritis.
1974 4881 2097 4964 tantum
2113 4895 2183 4988 ipso
