4876 6520
886 674 1011 768 (⁵¹)

240 833 374 904 modum
398 843 431 904 et
454 841 487 902 at
510 852 619 903 meum
643 849 724 900 sero
748 829 917 900 transitum
940 839 1016 900 tunc
1032 827 1101 922 ipsa
1116 825 1271 900 beoclesia
1294 835 1399 900 restra
1414 850 1490 898 cum
1504 829 1653 900 omnibus

239 959 301 1028 sivi
325 957 557 1051 pertinentibus
572 957 607 1028 in
622 967 728 1028 vestra
742 957 943 1050 vestrisquer
969 954 1106 1050 posteris
1122 963 1155 1028 et
1171 955 1205 1026 in
1220 965 1398 1027 memorato
1421 966 1530 1026 sancto
1545 967 1577 1027 et
1594 981 1652 1028 se·

239 1081 371 1154 nerabili
394 1093 502 1155 vestro
524 1081 721 1151 monasterio
744 1079 944 1150 rebertantur
966 1089 1154 1172 potestamm
1178 1080 1270 1150 cuius
1291 1103 1359 1154 esse
1382 1080 1524 1153 bidetur:
1540 1089 1574 1152 et
1596 1081 1651 1152 cui

237 1225 294 1280 eos
315 1208 434 1302 largire
457 1205 626 1280 volueritis
648 1205 811 1277 licentiam
833 1215 867 1278 et
888 1215 1078 1300 potestatem
1100 1206 1259 1278 babeatis:
1283 1207 1417 1302 Insuper
1440 1229 1502 1301 ego
1525 1229 1651 1280 memo-

237 1342 327 1404 ratus
350 1332 507 1404 iohannes
535 1329 702 1425 presbyter
728 1327 848 1399 ibidem
871 1329 905 1398 in
928 1328 998 1420 ipsa
1025 1326 1180 1398 hecclesia
1213 1327 1378 1400 dimictere
1411 1329 1533 1402 debeo:
1566 1331 1648 1402 idest

237 1479 303 1528 rma
325 1455 452 1550 planeta
473 1454 556 1526 linea
579 1475 656 1525 oum
680 1453 848 1524 horarium
874 1473 932 1524 seu
955 1451 1156 1546 corporalem
1178 1475 1299 1524 suum:
1332 1455 1560 1527 Verumtamen
1591 1477 1650 1527 vos

237 1575 321 1651 mibi
354 1576 454 1648 modo
486 1573 690 1667 atsignastitis
723 1573 855 1646 mobilia
888 1575 973 1646 idest
994 1575 1035 1646 de
1057 1575 1127 1668 ipsa
1159 1577 1314 1648 hecclesia
1348 1587 1454 1650 vestra
1476 1577 1511 1650 in
1535 1577 1647 1671 primis

233 1725 343 1775 unum
365 1723 508 1797 pannum
531 1703 590 1796 qui
606 1711 655 1776 est
670 1703 848 1774 utrescium
862 1701 985 1773 bonurn
999 1721 1075 1771 cum
1091 1723 1157 1772 una
1177 1700 1310 1772 sindone
1325 1703 1365 1774 de
1380 1702 1480 1773 altare
1496 1713 1533 1806 et
1546 1727 1650 1776 unum

238 1825 473 1918 taciewgium
496 1824 656 1897 uellabrm
677 1825 890 1918 plummntum
913 1833 947 1894 et
968 1823 1120 1916 mappula
1142 1845 1218 1894 cum
1241 1832 1307 1895 tres
1328 1847 1439 1896 eruces
1453 1826 1488 1896 in
1502 1828 1646 1898 medium

239 1949 280 2019 de
302 1947 457 2018 antiscum
480 1947 680 2039 plummata:
702 1955 736 2018 et
752 1945 813 2018 aba
828 1945 973 2042 quinqua
996 1945 1190 2041 mappulelie
1213 1947 1333 2040 pistule
1348 1955 1381 2018 ct
1395 1947 1581 2018 turabulum
1606 1952 1647 2021 de

236 2095 361 2146 ramme
383 2096 486 2149 unum
510 2097 586 2148 cum
609 2075 689 2148 duas
711 2095 823 2148 mures
844 2095 910 2145 una
933 2073 1051 2148 exinde
1073 2074 1177 2146 terrea
1193 2084 1226 2146 et
1242 2073 1303 2146 alia
1327 2079 1396 2144 una'
1411 2075 1528 2147 exinde
1551 2073 1650 2145 berea

237 2223 314 2272 cum
336 2224 402 2272 una
423 2199 584 2272 coronella
608 2200 650 2272 de
671 2221 816 2272 ramme:
839 2197 990 2296 quaterni
1013 2197 1071 2270 dui
1093 2197 1134 2269 de
1149 2199 1320 2271 iestisitats
1342 2208 1520 2272 memorate
1545 2209 1652 2272 sancte
1736 2280 1738 2286 ,

237 2323 402 2396 eufimmie
434 2346 540 2396 unum
562 2331 757 2420 quaternum
780 2324 821 2396 de
844 2331 992 2398 sanctum
1022 2319 1190 2422 carbasum
1218 2323 1357 2394 sericum
1380 2331 1469 2415 gesta
1492 2345 1550 2392 sua
1571 2321 1653 2395 liver

236 2446 388 2518 commite
411 2445 593 2539 plenarium
616 2469 719 2518 unum
741 2447 934 2520 franciscum
957 2445 1115 2540 scriptum
1141 2443 1246 2516 kalice
1269 2457 1417 2514 sanorum
1438 2445 1479 2515 de
1502 2451 1651 2536 stagnum

237 2573 376 2666 desuper
398 2572 634 2666 inargentatum
647 2597 723 2646 cunr
735 2572 867 2666 patbina
890 2593 949 2641 sua
971 2571 1013 2644 ds
1034 2579 1206 2662 stagnum:
1229 2569 1374 2642 serolella
1388 2570 1509 2665 piatula
1525 2595 1589 2643 una
1612 2573 1653 2644 ab

238 2717 323 2788 aqua
353 2694 566 2766 emotiticatar
599 2705 639 2767 ut
665 2695 738 2767 iilos
760 2693 856 2766 iacnt
874 2693 1003 2799 'salbum
1025 2703 1058 2764 at
1081 2693 1150 2788 ipsa
1173 2693 1329 2767 hecclesia
1352 2705 1459 2768 vestra
1482 2697 1560 2792 quia
1583 2697 1651 2768 bita

237 2822 331 2894 nobis
353 2822 458 2896 stetit:
476 2821 510 2894 Si
525 2829 635 2894 auum
659 2818 751 2894 aliter
774 2822 944 2894 fecerimus
958 2823 1000 2895 da
1014 2821 1067 2894 bis
1089 2821 1239 2894 omnibns
1261 2821 1449 2893 memoratis
1463 2845 1522 2916 per
1537 2823 1653 2918 quobis

235 2949 372 3021 modurn
402 2955 459 3017 aut
489 2943 668 3018 summissis
689 2945 836 3040 personis
857 2953 936 3018 tarne
959 2967 1121 3040 compono
1143 2967 1206 3041 ego
1229 2945 1343 3019 diebus
1365 2945 1433 3018 site
1456 2969 1528 3018 mae
1559 2947 1652 3018 vobis

234 3073 454 3169 posterisque:
480 3073 596 3144 restris
618 3082 650 3144 et
665 3080 699 3144 at
712 3074 781 3167 ipsa
804 3073 1054 3167 congregatione
1077 3082 1182 3146 sesua
1205 3073 1439 3144 monachorum
1463 3074 1516 3146 vel
1531 3084 1564 3144 at
1580 3097 1649 3148 me-

235 3207 363 3267 morato
377 3205 486 3268 sanato
501 3203 535 3266 et
551 3195 726 3266 venerabili
744 3203 852 3266 vestro
868 3195 1064 3265 monasterio
1078 3193 1176 3264 dmul
1192 3201 1225 3265 et
1241 3201 1275 3263 at
1290 3193 1358 3287 ipsa
1372 3193 1527 3267 hecclesia
1544 3207 1651 3269 vestra

233 3319 326 3388 beata
349 3317 511 3389 eutimmie
526 3316 598 3386 anri
611 3315 731 3388 solidos
752 3315 884 3410 triginta
907 3337 965 3388 sex
978 3313 1181 3410 bptbianteos
1196 3325 1229 3388 et
1243 3315 1304 3389 hec
1327 3317 1471 3390 chartula
1494 3318 1648 3392 hordina-

230 3439 327 3511 tionis
342 3449 379 3511 ut
392 3461 491 3534 super
514 3439 632 3532 tegitur
646 3438 689 3510 eit
702 3439 797 3512 firma
819 3437 936 3532 scripta
956 3459 1015 3533 pu
1037 3459 1153 3508 manus
1176 3437 1260 3531 petri
1287 3439 1417 3512 curialis
1440 3462 1499 3534 per
1521 3463 1649 3512 memo-

229 3575 300 3636 rata
323 3565 541 3638 tertiadecima
563 3563 738 3638 indictione
760 3561 792 3656 †

324 3701 359 3764 et
379 3690 443 3764 boo
464 3699 664 3763 memoratus
695 3713 771 3763 sum
793 3697 830 3762 ut
852 3695 1011 3785 quantum
1034 3687 1070 3758 in
1092 3687 1160 3780 ipsa
1188 3685 1344 3758 hecclesia
1367 3697 1474 3760 restra
1502 3698 1537 3759 at
1559 3711 1645 3760 oon-

228 3813 381 3886 oiandnm
398 3811 525 3884 abuerit
539 3833 603 3904 ego
618 3811 692 3884 ilios
705 3811 854 3884 conoiare
867 3811 968 3886 debeo
985 3814 1127 3911 absque:
1147 3813 1237 3886 omni
1252 3815 1360 3887 datam
1378 3810 1580 3883 ommonem
1597 3813 1647 3884 sin

233 3953 343 4014 autern
366 3931 495 4014 madeat
516 3941 552 4012 in
574 3953 755 4012 memorata
777 3963 881 4035 poena
905 3941 937 4036 †

325 4069 357 4164 †
381 4093 443 4165 ego
466 4067 624 4140 iohannes
646 4065 814 4162 presbyter
835 4065 1067 4163 subscmpsi†

243 4221 248 4242 ¹
324 4195 441 4295 †ego
462 4193 634 4290 gregorius
656 4194 794 4288 scriptor
816 4201 983 4287 rogatusa
1004 4203 1185 4267 memorato
1208 4194 1346 4268 iohanne
1360 4193 1548 4292 presbytero
1571 4201 1644 4271 testi

227 4323 403 4419 subscripsi
425 4321 458 4419 †

323 4451 354 4548 †
376 4473 439 4544 ego
460 4459 570 4544 petrus
593 4447 678 4521 iiiios
700 4447 824 4520 domim
846 4446 944 4543 sergii
967 4455 1100 4544 rogatus
1122 4472 1142 4520 a
1164 4449 1380 4544 suprascripto
1402 4449 1542 4525 iohanne
1565 4477 1641 4563 ppe-

228 4581 360 4674 abyron
382 4575 456 4648 testi
480 4575 654 4671 subscripsi
677 4573 710 4673 †

322 4699 355 4793 †
376 4721 439 4794 ego
461 4701 601 4774 stefanus
625 4699 710 4772 titius
731 4699 854 4774 domini
878 4699 1027 4774 iohannis
1048 4711 1183 4798 rogatus
1207 4725 1226 4772 a
1248 4703 1467 4796 suprascripto
1498 4701 1638 4772 iohanne

222 4825 416 4924 presbytero
440 4821 512 4898 testi
537 4823 707 4920 subscripsi
730 4824 762 4921 †

324 4954 357 5054 †
381 4955 455 5046 Ego
469 4961 580 5048 petrus
596 4951 733 5026 Guriaiis
749 4951 808 5050 qui
820 4960 1015 5026 memoratos
1030 4961 1105 5048 post
1118 4952 1384 5047 subscriptionem
1398 4951 1525 5023 testium
1541 4950 1640 5026 Gom·

227 5077 315 5173 plevi
338 5089 371 5148 et
394 5075 516 5150 absolvi
540 5076 649 5148 dicet
673 5076 848 5148 indictione
871 5085 1048 5148 memorata
1072 5077 1165 5146 tertia
1190 5075 1313 5148 decima
1337 5072 1369 5169 †
