4906 6520
1410 671 1560 768 (aea)

763 846 869 940 rigere
892 839 1009 913 debeas
1032 861 1091 934 per
1114 837 1284 909 natibitate
1307 829 1432 904 domini
1456 829 1579 901 oblatas
1602 827 1708 923 perias
1727 833 1814 896 treas
1838 835 1872 897 et
1894 847 1954 922 per
1970 832 2192 905 resurresione

756 969 889 1044 domini
921 965 1071 1040 similiter
1101 963 1225 1035 oblatas
1257 960 1350 1056 peris
1382 969 1452 1031 tren
1482 967 1516 1030 et
1538 977 1596 1052 per
1622 953 1829 1027 festivitatem
1853 963 2035 1028 memorata
2060 958 2193 1034 ecclesia

763 1100 864 1172 uncti
887 1096 991 1170 seheri
1013 1093 1137 1165 oblatas
1152 1090 1282 1186 parium
1297 1111 1400 1161 unum
1424 1109 1539 1183 nsque:
1564 1081 1655 1156 omni
1676 1083 1939 1155 amaricationem
1954 1083 2079 1158 nullam
2094 1089 2190 1160 nobis

762 1225 983 1321 posterisque:
1008 1219 1126 1292 nostris
1140 1217 1258 1290 exinde
1274 1215 1366 1287 omni
1381 1236 1487 1284 annue
1503 1210 1668 1284 mittentes
1683 1209 1888 1282 occansionez
1907 1219 1940 1284 et
1955 1233 2023 1286 non
2038 1211 2189 1288 mamus

762 1351 927 1425 lic'entiom
951 1368 1009 1417 nos
1033 1355 1066 1416 et
1088 1345 1227 1438 posteris
1250 1340 1370 1412 nostris
1387 1343 1583 1412 memoratas
1600 1336 1735 1409 ecclesia
1750 1343 1860 1408 nostra
1875 1339 1977 1412 sancti
1992 1339 2189 1413 severinum

761 1473 914 1550 omnibus
937 1469 1125 1545 memoratis
1148 1492 1192 1540 ex
1214 1489 1269 1541 ess
1290 1466 1488 1562 pertinentes
1511 1463 1745 1560 omnibusquoa
1769 1464 1817 1536 eis
1830 1464 2067 1560 pertinentibus
2081 1477 2120 1540 ut
2134 1492 2188 1541 su·

759 1625 818 1697 per
842 1600 961 1694 legitur
993 1596 1146 1670 omnibus
1178 1593 1294 1665 diebus
1316 1593 1386 1666 vite
1409 1601 1466 1663 tue
1489 1591 1549 1664 tibi
1573 1589 1688 1661 tollere
1711 1595 1768 1662 aut
1790 1597 1823 1660 te
1846 1589 1965 1662 exinde
1998 1591 2106 1666 eicere
2130 1618 2187 1666 nec

759 1727 904 1826 qualibet
927 1725 1108 1798 sacerdotes
1134 1723 1187 1796 vel
1210 1721 1366 1792 clericum
1389 1728 1446 1792 aut
1468 1726 1715 1790 monacum-aut
1728 1715 1807 1788 olias
1823 1717 1940 1812 quabis
1957 1720 2102 1814 personis
2119 1721 2187 1794 iffi.

761 1860 834 1932 dem
860 1860 991 1929 mittere
1013 1875 1073 1949 per
1095 1851 1222 1922 nullum
1247 1847 1383 1922 modum
1405 1869 1466 1918 nec
1484 1845 1737 1944 percommissis
1750 1846 1899 1940 personis
1913 1869 1975 1919 nec
1989 1871 2049 1942 per
2064 1851 2188 1924 nullum

758 1985 939 2056 bummano
963 1977 1121 2050 arbitrio:
1146 1987 1220 2070 post
1243 1983 1338 2046 tuum
1359 1972 1534 2042 transitum
1549 1979 1728 2042 memorata
1743 1969 1878 2042 ecc-lesia
1892 1982 2003 2044 nostra
2019 1997 2094 2047 cum
2111 1999 2187 2048 om·

759 2109 857 2183 nibus
881 2103 1070 2177 memoretis
1093 2125 1134 2172 ex
1164 2123 1218 2172 eas
1241 2098 1439 2194 pertinentes
1462 2093 1700 2194 omnibusque:
1728 2093 1776 2164 eis
1798 2093 2030 2187 pertinentibus
2053 2109 2087 2170 et
2110 2122 2188 2172 cum

760 2234 869 2306 omnia
894 2253 959 2327 que
974 2251 1033 2323 per
1056 2227 1288 2298 inbentaneum
1304 2221 1365 2294 tibi
1389 2221 1658 2316 atsignaverimue
1681 2220 1717 2290 in
1739 2229 1850 2292 nostra
1872 2223 2098 2318 posterisque:
2124 2249 2188 2297 ηρ.

759 2359 834 2428 stris
859 2361 1104 2446 memoratoque
1127 2360 1239 2421 sancto
1262 2357 1295 2420 et
1317 2347 1498 2420 venerabili
1528 2355 1641 2416 nostro
1663 2343 1861 2415 monasterio
1883 2354 2066 2440 revertatur
2090 2357 2124 2418 et
2147 2351 2187 2420 sit

754 2487 916 2576 potestate
944 2499 1078 2574 queque
1110 2475 1229 2546 exinde
1262 2475 1369 2544 lacere
1392 2471 1617 2544 voluerimus:
1649 2468 1678 2540 si
1707 2491 1786 2540 vero
1815 2469 1938 2540 movile
1962 2469 2010 2542 ibi
2034 2471 2185 2546 offertum

757 2609 858 2680 lucris
882 2605 918 2676 in
941 2613 998 2674 tua
1021 2605 1064 2680 sit
1087 2611 1245 2696 potestate
1277 2597 1416 2671 faciendi
1449 2595 1566 2666 exinde
1589 2617 1655 2688 que
1677 2593 1822 2666 volueris
1844 2595 1872 2666 si
1897 2605 2008 2669 autem
2031 2597 2183 2672 inmobile

756 2731 804 2802 ibi
827 2731 978 2802 offertum
1003 2726 1104 2800 fueris
1131 2735 1204 2820 post
1231 2735 1325 2794 tuum
1355 2721 1536 2792 transitum‘
1557 2719 1592 2790 in
1622 2717 1823 2815 possessione
1849 2730 2028 2792 memorate
2051 2723 2193 2829 ecclesie·

755 2863 867 2926 nostro
889 2873 1058 2923 remanere
1082 2847 1202 2923 debeas
1225 2847 1327 2921 cuiux
1351 2846 1436 2918 iusse
1459 2869 1529 2918 esse
1552 2844 1725 2918 videmini:
1753 2845 1832 2940 quia
1855 2845 1901 2916 ita
1921 2845 2015 2919 nobis
2039 2848 2177 2942 placuit:

755 2978 783 3048 si
806 2985 914 3050 autem
947 2999 1008 3049 nos
1032 2985 1089 3050 aut
1110 2973 1249 3071 posteris
1273 2972 1392 3045 nostris
1414 2969 1507 3042 aliter
1538 2969 1710 3042 fecerimus
1733 2971 1774 3042 de
1797 2969 1849 3042 bis
1872 2971 2025 3046 omnibus
2048 2997 2180 3047 memo-

753 3103 832 3176 ratis
855 3127 913 3198 per
936 3103 1055 3199 quobis
1078 3103 1216 3174 modum
1239 3075 1306 3172 aut'
1318 3099 1516 3172 summissis:
1543 3097 1690 3192 personis
1704 3107 1783 3168 tunc
1798 3100 2024 3194 componimus
2040 3101 2100 3174 tibi
2117 3103 2180 3177 vite

756 3239 810 3298 tue
843 3230 916 3300 auri
951 3226 1074 3298 solidos
1107 3226 1226 3319 viginti
1256 3223 1463 3320 bythianteos
1487 3233 1521 3296 et
1544 3247 1581 3296 ec
1605 3221 1753 3297 chartula
1775 3224 1998 3318 promissionis
2020 3229 2063 3302 sit
2085 3229 2178 3304 mma
2242 3211 2247 3222 ’

753 3353 873 3447 scripta
896 3373 956 3446 per
978 3371 1094 3422 manus
1117 3347 1267 3421 iohannis
1289 3349 1419 3420 curialis
1442 3373 1502 3444 per
1525 3359 1706 3420 memorata
1729 3349 1906 3422 indictione
1928 3350 1960 3450 †

849 3476 881 3577 †
909 3475 1082 3550 Φὶλιπποσ
1111 3481 1316 3574 αξιαρτωλοσ
1345 3473 1400 3547 set
1431 3477 1559 3558 ἀναξιοσ
1586 3479 1764 3570 ήγόυμενοσ
1786 3463 1954 3575 Ιδιόχεῑροσ
1976 3483 2152 3578 εγρωιαῒ

850 3605 1111 3702 -Ι-Πανκρατιοσ
1140 3629 1281 3692 μονακοσ
1310 3590 1462 3702 ιδιοχιροσ
1491 3604 1676 3702 εγραψαΐ

847 3732 879 3830 †
902 3741 991 3806 uro
1020 3712 1075 3804 1‘o
1107 3739 1330 3806 omnouoc
1360 3739 1420 3803 ue
1452 3704 1519 3804 nii
1551 3737 1662 3801 cons
1694 3727 1725 3824 †

759 3871 849 3938 νικολ
871 3881 1018 3951 μοναχοσ
1040 3885 1096 3930 και
1120 3881 1216 3956 sepsos*
1239 3843 1403 3954 ιδιοχειροσ
1426 3861 1554 3956 εγραψα
1802 3945 1808 3956 ¹

845 3986 876 4081 †
900 4009 962 4080 ego
986 3983 1142 4055 iohannes
1166 3983 1250 4054 lilius
1273 3981 1399 4054 domini
1422 3982 1566 4076 gregorii
1591 3985 1662 4054 testi
1686 3983 1860 4080 subscripsi
1883 3987 1915 4084 †
2011 3985 2014 3993 ⁴

847 4112 879 4210 †
903 4135 965 4205 ego
988 4112 1130 4182 stelenus
1154 4107 1240 4179 lilius
1263 4105 1388 4180 domini
1412 4106 1560 4178 iohannis
1583 4108 1657 4178 testi
1678 4108 1851 4204 subscripsi
1875 4111 1906 4208 †

847 4237 879 4428 p
903 4260 964 4330 ego
986 4235 1143 4308 iohannes
1166 4234 1251 4306 lilius
1273 4231 1399 4304 domini
1421 4233 1522 4302 omani
1545 4231 1619 4302 testi
1642 4232 1816 4328 subscripsi
1840 4234 1871 4331 †

900 4335 972 4428 Ego
989 4331 1146 4404 iohannes
1157 4327 1298 4402 Curialis
1314 4327 1483 4425 Complevi
1497 4337 1531 4400 et
1546 4327 1671 4400 absolvi
1682 4353 1744 4435 per
1760 4339 1939 4404 memorata
1953 4331 2126 4408 indictione
2140 4333 2172 4430 †

1337 4691 1580 4735 *mm—-
