4906 6520
1389 616 1525 718 (rer)
1661 581 1666 590 '

746 795 963 864 memoratum
990 786 1136 860 anditum
1159 804 1255 856 suum
1279 782 1325 854 ud
1348 779 1588 874 supertegitur
1611 778 1647 848 in
1662 787 1718 849 tua
1733 777 1797 848 sint
1812 785 2005 871 potestatem
2031 782 2175 856 feriendi
2215 733 2221 745 ¹

745 941 811 1014 que
835 919 1057 992 voluerimus:
1090 913 1140 983 De
1164 911 1284 1008 quibus
1308 907 1392 981 nihil
1415 908 1474 980 tibi
1500 905 1619 978 exinde
1642 903 1776 999 aliquod
1800 905 1955 978 remansit
1980 915 2036 978 sut
2052 925 2172 980 ¹resen·-

658 1029 661 1040 ’
743 1047 842 1118 bostis
866 1068 927 1118 nec
954 1043 989 1114 in
1017 1043 1119 1114 aliena
1142 1041 1301 1134 cuiusque
1325 1059 1463 1132 persona
1486 1035 1575 1130 qnod
1599 1033 1682 1106 absit
1699 1031 1907 1106 commisistis
1925 1041 1984 1105 eut
1999 1034 2062 1104 iem
2077 1059 2173 1108 com-

742 1173 832 1244 mitis
854 1181 1065 1266 potestatem:
1092 1177 1141 1238 set
1164 1190 1183 1234 e
1206 1164 1348 1259 presenti
1372 1162 1427 1234 die
1451 1175 1485 1231 et
1509 1160 1661 1254 deinceps
1677 1183 1715 1231 cc
1730 1158 1882 1230 omnibus
1898 1161 2168 1256 memoratisque

742 1297 823 1370 mibi
848 1293 1070 1368 commutastis
1093 1291 1130 1362 in
1154 1313 1229 1361 mee
1251 1285 1399 1384 meisque
1422 1285 1594 1360 heredibus
1610 1284 1675 1356 sint
1690 1292 1882 1377 potestotom
1899 1305 2031 1378 queque
2050 1285 2169 1358 exinde

741 1427 846 1496 tacere
869 1422 1070 1494 voluerimus
1094 1419 1232 1491 liberem
1248 1441 1376 1513 semper
1399 1416 1551 1488 ubeunms
1573 1421 1788 1510 pesesteemz
1818 1422 1852 1484 et
1875 1434 1984 1508 neque
2008 1425 2077 1486 ate
2093 1436 2168 1485 me-

741 1559 870 1620 morato
894 1548 991 1618 leone
1015 1546 1153 1618 ferrario
1176 1543 1339 1617 exsudelio
1362 1564 1518 1636 germano
1544 1563 1619 1614 meo
1635 1561 1711 1610 eum
1726 1537 1871 1610 censensi
1888 1547 2066 1612 memorate
2081 1541 2169 1633 pitru

741 1677 873 1770 coniugi
896 1686 952 1748 tue
976 1699 1083 1769 neque
1108 1701 1127 1744 a
1149 1673 1215 1744 tuis
1238 1670 1412 1744 heredibus
1444 1693 1505 1742 nec
1529 1695 1549 1740 a
1571 1680 1628 1740 tue
1652 1688 1824 1763 personam
1847 1666 2052 1739 summissam
2076 1669 2169 1740 nulio

741 1816 887 1900 tempore
910 1827 1055 1898 numque
1079 1825 1142 1896 ego
1165 1811 1347 1872 memorato
1370 1801 1512 1874 iohanne
1539 1799 1676 1873 ferrario
1700 1806 1757 1868 unt
1780 1796 1861 1869 meis
1875 1797 2051 1872 heredibus
2077 1801 2167 1896 quod

742 1935 825 2006 absit
850 1935 1002 2004 abeamus
1026 1931 1145 2004 exinde
1177 1930 1352 2024 aliquando
1375 1951 1584 2026 quecumque
1616 1925 1832 2022 requisitione
1857 1935 1915 1998 unt
1939 1931 2087 2004 molestia
2108 1953 2168 2024 per

739 2059 867 2129 nullum
892 2060 1026 2130 modum
1050 2079 1111 2128 nee
1134 2079 1193 2149 per
1217 2055 1424 2128 summissam
1449 2077 1621 2150 personum
1647 2080 1666 2126 e
1694 2075 1782 2126 nunc
1802 2061 1836 2125 et
1852 2053 1886 2126 in
1900 2058 2064 2150 perpetuis
2074 2064 2168 2156 tem·

741 2185 902 2278 poribus:
928 2185 1060 2278 insuper
1084 2195 1116 2254 et
1143 2184 1184 2254 ab
1208 2183 1299 2254 omni
1323 2183 1484 2254 ommines
1505 2181 1660 2275 omnique
1683 2180 1829 2276 personis
1852 2182 1940 2253 omni
1962 2189 2108 2276 tempore
2125 2194 2164 2254 tu

740 2321 774 2381 et
797 2309 974 2404 heredibus
997 2311 1062 2380 tuis
1087 2307 1170 2380 mihi
1195 2310 1342 2404 meisque
1365 2307 1540 2380 heredibus
1568 2308 1644 2378 iilos
1673 2317 1831 2380 antestare
1855 2317 1888 2380 et
1912 2305 2077 2381 defensare
2101 2309 2166 2380 de-

741 2434 842 2507 bentis
865 2435 944 2529 quie
968 2433 1013 2502 ito
1038 2433 1133 2504 nohis
1157 2435 1269 2505 stetit:
1297 2434 1331 2506 si
1356 2445 1467 2510 nutem
1491 2433 1584 2536 aliter
1607 2434 1780 2506 fecerimus
1804 2434 1846 2506 de
1869 2435 1897 2506 is
1920 2431 2070 2506 omnibus
2089 2457 2166 2508 me·

742 2560 877 2632 moratis
900 2582 959 2654 per
983 2560 1101 2654 quobis
1134 2563 1269 2632 medum
1298 2569 1355 2633 rut
1387 2559 1567 2633 summissis
1591 2559 1735 2654 personis
1759 2568 1837 2632 tnnc
1862 2580 2025 2654 compono
2048 2581 2109 2656 ego
2133 2569 2165 2633 et

740 2683 915 2756 heredibus
939 2684 1020 2756 meis
1044 2685 1104 2755 tibi
1127 2683 1258 2780 tuisque
1281 2683 1454 2759 heredibus
1479 2687 1551 2760 auri
1564 2683 1686 2758 solides
1708 2684 1826 2782 viginti
1849 2685 2056 2781 bythienteos
2078 2697 2163 2759 etse

741 2810 886 2884 chartula
909 2809 953 2881 ud
976 2832 1073 2904 super
1097 2800 1217 2904 legitur
1241 2812 1284 2883 sit
1307 2809 1401 2884 firma
1423 2813 1541 2908 scripto
1564 2835 1624 2908 per
1647 2833 1761 2888 mrum
1785 2812 1929 2907 gregorii
1952 2811 2082 2887 euriaiis
2104 2837 2163 2909 per

740 2951 917 3013 memoratu
941 2941 1065 3014 decimu
1082 2941 1259 3016 indictione
1275 2939 1306 3036 †
1482 2943 1485 2948 ’
1832 3021 1834 3027 ,

832 3063 896 3136 hec
918 3065 1049 3160 signum
1065 3064 1096 3161 †
1113 3087 1228 3138 manus
1247 3067 1419 3139 memorati
1435 3066 1569 3144 iohanni
1585 3067 1713 3141 temoni
1729 3090 1806 3142 cum
1820 3070 1968 3146 eueni
1982 3079 2161 3142 memorato

739 3191 879 3287 coniuge
901 3214 960 3264 sue
983 3216 1047 3288 ego
1069 3216 1131 3288 pro
1158 3196 1205 3266 eis
1230 3193 1407 3290 subscripsi
1431 3192 1463 3288 †

831 3320 864 3416 †
887 3339 949 3411 eqo
974 3318 1099 3412 sergius
1119 3319 1206 3392 tilius
1229 3319 1353 3394 donini
1378 3319 1511 3394 iohenni
1534 3321 1687 3396 moment
1709 3325 1783 3397 testi
1805 3323 1980 3421 subscripsi
2004 3325 2035 3422 †

831 3445 863 3543 †
886 3469 949 3542 ego
972 3445 1136 3544 aligernus
1159 3449 1244 3522 tilius
1267 3449 1393 3523 domini
1415 3451 1515 3546 sergii
1537 3452 1611 3526 testi
1633 3453 1810 3550 subscripsi
1835 3452 1866 3549 †

829 3573 861 3668 †
884 3597 947 3670 ego
970 3578 1140 3672 gregorius
1164 3579 1251 3652 filius
1276 3579 1400 3654 domini
1422 3581 1539 3656 stefani
1562 3583 1637 3657 testi
1659 3585 1834 3680 subscripsi
1857 3574 1888 3680 †

828 3701 860 3796 †
883 3705 956 3800 Ego
977 3709 1148 3804 gregorius
1169 3708 1329 3784 cientis:
1355 3709 1524 3807 compleri
1547 3721 1581 3786 ot
1602 3711 1728 3788 uhsolri
1751 3735 1810 3810 per
1824 3723 2008 3790 memorre
2031 3713 2158 3792 decime

734 3831 910 3908 indictione
933 3831 966 3930 †
1510 3861 1515 3870 ·
