4876 6520
1459 616 1581 712 (⁴⁸)

807 785 947 878 qvintho
971 783 1195 878 pseshyterum
1218 789 1251 851 et
1274 775 1446 852 heredibus
1469 779 1550 851 meis
1573 796 1733 849 unacum
1747 775 1919 870 nepotibus
1934 777 2016 848 meis
2032 787 2066 850 et
2079 799 2157 851 cum
2172 777 2239 852 he·

696 963 706 980 .
808 909 941 982 sedibus
965 910 1031 982 suis
1056 907 1133 980 dore
1156 907 1329 980 debeamus
1352 904 1522 977 medietate
1546 913 1579 976 et
1602 926 1662 975 nos
1684 911 1866 974 memorato
1889 901 1997 974 aliano
2020 915 2053 975 et
2079 903 2236 978 iohuuni·

810 1044 901 1126 perlo
925 1055 1000 1105 curn
1023 1031 1195 1104 heredibus
1219 1031 1337 1102 nostris
1360 1039 1393 1101 et
1415 1052 1480 1102 una
1503 1049 1580 1100 cum
1602 1026 1773 1122 nepotibus
1790 1025 1908 1098 nosuis
1923 1034 2048 1100 etcum
2063 1025 2239 1103 heredibus

809 1158 876 1228 suis
899 1159 974 1228 dare
999 1155 1172 1227 debeamus
1195 1153 1383 1225 medietate:
1407 1162 1440 1222 et
1463 1173 1529 1223 non
1553 1151 1672 1222 abeatis
1695 1149 1859 1222 licentiam
1882 1171 1942 1222 vos
1965 1161 1999 1222 et
2021 1153 2158 1245 posteris
2176 1179 2233 1225 ve-

809 1285 882 1352 stris
905 1283 957 1352 vel
981 1289 1162 1352 memorato
1184 1289 1296 1352 sancto
1318 1289 1352 1350 et
1375 1277 1552 1350 venerabili
1575 1287 1684 1349 vestro
1706 1278 1904 1350 monasterio
1927 1280 2023 1352 nohis
2051 1283 2235 1378 nostrisque

808 1403 977 1476 heredibus
1001 1403 1075 1476 illos
1099 1403 1213 1476 tollere
1237 1427 1296 1499 per
1319 1403 1447 1478 nullum
1470 1406 1604 1476 modum
1632 1402 1744 1476 dantes
1772 1424 1833 1476 uos
1857 1414 1890 1476 et
1913 1404 2086 1482 heredibus
2117 1411 2234 1484 uostris

672 1576 675 1588 ·
806 1529 896 1602 omni
920 1553 1025 1603 annue
1047 1533 1142 1603 vohis
1166 1531 1346 1626 vestrisque
1377 1532 1513 1626 posteris
1537 1541 1571 1604 et
1593 1531 1628 1603 in
1651 1540 1832 1604 memorato
1863 1543 1973 1604 sanem
1996 1544 2030 1604 et
2053 1535 2233 1610 venerabili

807 1667 915 1729 vestro
948 1656 1145 1727 monasterio
1177 1664 1394 1728 memoratum
1424 1655 1679 1752 responsaticum
1702 1663 1739 1726 ut
1760 1675 1859 1750 super
1889 1654 2009 1750 legitur
2033 1667 2066 1730 et
2090 1681 2150 1730 nec
2173 1683 2233 1734 nos

808 1811 867 1857 nee
890 1786 1064 1858 heredibus
1095 1785 1214 1856 nostris
1245 1783 1338 1855 vohis
1370 1783 1547 1879 vestrisque
1580 1784 1716 1892 posteris
1740 1793 1773 1856 et
1796 1787 2030 1858 inmemorem
2059 1797 2169 1858 uncto
2200 1797 2233 1858 et

807 1908 985 1982 venerabili
1007 1919 1115 1980 vestro
1139 1907 1334 1980 munasterio
1358 1907 1432 1980 illos
1455 1931 1521 1980 non
1545 1907 1663 1979 iactare
1687 1931 1746 2002 per
1768 1907 1897 1981 nullum
1921 1907 2073 1980 modumr
2103 1910 2233 2004 insuper

807 2040 895 2110 stetit
918 2039 1002 2110 inter
1025 2036 1119 2109 nohis
1142 2046 1180 2108 ut
1202 2037 1231 2109 si
1246 2058 1306 2108 uos
1319 2044 1351 2106 et
1367 2034 1539 2107 heredibus
1562 2036 1680 2108 nostris
1699 2035 1793 2109 vobis
1816 2037 2019 2131 vestrisque:
2048 2039 2185 2130 posteris
2201 2051 2233 2110 et

806 2166 842 2236 in
865 2143 1045 2234 memorato
1067 2171 1177 2234 saneto
1200 2171 1234 2232 et
1255 2159 1433 2236 venerabili
1454 2169 1562 2234 vestro
1585 2163 1782 2233 monasterio
1801 2183 1867 2233 non
1892 2159 2116 2236 ulduxerimus
2140 2166 2232 2240 omui

807 2311 913 2361 annue
937 2295 1153 2360 memoratum
1176 2285 1429 2379 responsuticum
1444 2293 1482 2356 ut
1496 2307 1591 2378 super
1613 2283 1734 2378 legitur
1757 2307 1815 2378 per
1830 2292 1936 2356 totum
1960 2295 2098 2380 augusto
2123 2309 2232 2359 mense

805 2421 837 2481 et
862 2433 920 2483 vos
943 2419 977 2481 et
999 2407 1135 2504 posteris
1159 2408 1273 2482 vestris
1296 2406 1375 2479 illuc
1400 2416 1433 2476 et
1455 2404 1693 2502 pignorandum
1717 2405 1870 2478 veneritis
1895 2413 1972 2478 tune
1995 2429 2056 2480 nos
2079 2419 2113 2478 et
2137 2411 2230 2482 here-

805 2535 900 2607 dibus
924 2533 1042 2606 nostris
1064 2531 1160 2604 vohis
1182 2531 1363 2626 veehisque
1386 2530 1523 2626 posteris
1537 2540 1570 2601 et
1585 2539 1618 2602 at
1633 2527 1765 2602 cabellis
1782 2530 1898 2602 vestris
1916 2532 2110 2604 manducare
2132 2545 2164 2606 et
2179 2537 2230 2606 vi·
2288 2505 2293 2516 ’

804 2687 881 2734 vere
906 2663 982 2732 dane
1005 2662 1180 2734 debeamus
1203 2658 1370 2755 montedo
1394 2657 1515 2730 iustum
1530 2657 1648 2730 fuerin
1676 2659 1808 2752 lnsuper
1831 2658 1921 2730 omni
1945 2667 2091 2754 tempore
2115 2685 2173 2734 vos
2196 2673 2228 2734 et

804 2794 940 2886 posteris
963 2789 1079 2863 vestris
1101 2787 1156 2861 vel
1183 2798 1363 2860 memorato
1387 2795 1499 2860 sancto
1525 2794 1558 2856 et
1582 2785 1758 2860 venerabili
1783 2795 1891 2858 vestro
1912 2791 2109 2860 monasterio
2132 2789 2227 2864 nohis

804 2919 1008 3014 nostrisque:
1039 2913 1212 2988 heredibus
1235 2914 1352 2986 exinde
1376 2915 1412 2988 in
1434 2911 1586 2987 omuibus
1611 2921 1769 2990 antestare
1792 2921 1825 2983 et
1848 2911 2013 2987 defensare
2037 2914 2178 2986 debeatis
2208 2941 2227 2983 a

802 3048 948 3142 partibus
971 3045 1088 3117 militie
1110 3043 1406 3139 neapolitanorum:
1439 3043 1516 3137 quia
1549 3041 1594 3112 itu
1622 3039 1716 3113 uobis
1740 3039 1880 3135 placuitt
1904 3041 1940 3119 si
1956 3052 2064 3118 autem
2087 3065 2146 3114 nos
2171 3055 2226 3116 aul

804 3173 978 3244 heredibus
1010 3169 1129 3241 nostris
1161 3167 1255 3237 aliter
1286 3165 1457 3269 fecerimus
1489 3167 1530 3237 de
1561 3165 1614 3236 his
1637 3165 1788 3237 omnihus
1816 3167 2004 3240 memoratis
2027 3189 2085 3260 per
2109 3169 2225 3264 quohis

803 3298 939 3368 modum
962 3305 1019 3368 aut
1033 3293 1212 3368 summissis
1227 3292 1372 3386 personis
1389 3300 1466 3364 tunc
1480 3291 1706 3386 componimus
1721 3289 1815 3363 vohis
1829 3293 2026 3386 vestrisque:
2042 3295 2178 3388 posteris
2194 3305 2228 3370 et

803 3424 838 3494 in
862 3431 1042 3494 memorato
1065 3428 1175 3493 sancto
1199 3429 1232 3491 et
1254 3416 1433 3492 venerabili
1456 3426 1565 3488 vestro
1594 3418 1790 3490 monasterio
1811 3419 1891 3490 auri
1914 3419 2034 3494 solidos
2057 3422 2225 3494 duodecim

802 3551 1007 3646 hythisnteos
1039 3561 1072 3622 et
1104 3572 1142 3620 ec
1173 3547 1319 3620 chartula
1350 3545 1573 3641 promissionis
1602 3554 1640 3616 ut
1661 3569 1759 3641 super
1783 3549 1903 3642 legitur
1925 3549 1967 3620 sit
1989 3552 2081 3622 firma
2108 3553 2222 3644 scripta

800 3709 859 3780 per
881 3705 997 3754 manus
1020 3680 1170 3754 iohannis
1191 3677 1357 3772 scriptoris
1380 3673 1540 3768 discipulo
1563 3673 1686 3750 domiui
1709 3677 1808 3769 sergii
1832 3677 1962 3750 curialis
1977 3703 2035 3773 per
2050 3693 2222 3752 memorata

800 3817 896 3885 tertia
920 3811 1046 3882 decima
1069 3808 1245 3890 indictione
1269 3809 1294 3890 †

896 3941 960 4010 hoc
991 3940 1120 4033 signnm
1148 3936 1317 4032 †manus
1349 3938 1530 4004 memorato
1562 3931 1754 4026 ioaquinlho
1785 3932 2009 4026 presbyterum
2041 3958 2098 4004 seu
2130 3945 2219 4030 petro

799 4089 962 4166 quamque
985 4089 1072 4135 sasso
1096 4073 1278 4135 memorato
1300 4081 1388 4132 sasso
1406 4082 1472 4154 pro
1494 4058 1567 4130 vice
1591 4081 1648 4130 sua
1672 4066 1705 4128 et
1728 4080 1789 4152 pm
1811 4060 1884 4130 vice
1898 4059 1939 4130 de
1954 4062 2117 4154 germanis
2139 4064 2216 4136 suis:

799 4199 928 4289 signum
953 4194 983 4289 †
1007 4215 1122 4262 munus
1144 4199 1325 4260 memorato
1348 4185 1454 4256 alfano
1479 4195 1511 4256 et
1534 4184 1759 4278 iohanniperto
1782 4194 1815 4256 et
1837 4194 1931 4280 petro
1945 4195 1978 4256 et
2002 4187 2119 4280 uguiso
2143 4210 2216 4279 ger·

798 4322 902 4392 nranis
926 4318 1014 4416 quod
1037 4339 1100 4409 ego
1123 4313 1182 4408 qui
1204 4316 1400 4385 memoratos
1423 4308 1465 4380 ah
1489 4309 1537 4382 eis
1558 4319 1690 4400 rogatus
1713 4329 1773 4402 pro
1797 4307 1843 4378 eis
1866 4308 2038 4404 subscripsi
2063 4311 2094 4407 †

894 4451 924 4546 †
949 4470 1011 4542 ego
1034 4465 1147 4516 manso
1170 4439 1256 4511 filius
1279 4437 1403 4510 domini
1418 4435 1555 4510 simeoni
1570 4445 1701 4530 rogatus
1717 4459 1735 4503 a
1750 4436 1963 4530 suprascripta
1978 4459 2130 4531 personas
2146 4439 2215 4510 testi

796 4577 969 4673 subscripsi
992 4575 1024 4672 †
1087 4669 1136 4688 .-
1367 4663 1423 4685 .ι
1914 4663 2013 4684 .-
2053 4671 2100 4686 .-

890 4699 920 4794 †
956 4707 1046 4771 nro
1084 4703 1137 4768 ro
1168 4700 1343 4767 nrsronc
1366 4699 1428 4764 nu
1451 4696 1584 4763 neser
1608 4697 1836 4768 cortrone
1861 4697 1889 4766 s
1914 4701 2018 4768 cera
2047 4699 2214 4778 ncousc

792 4837 916 4902 ruem
949 4803 1115 4918 EffrBJs
