4906 6520
915 631 1041 729 (⁰⁷)

268 813 328 886 pes
342 787 460 886 quobis
474 789 610 862 modum
626 793 683 860 aut
697 786 877 862 summissis
892 788 1038 884 personis
1053 795 1130 860 tunc
1145 789 1371 886 componimus
1387 789 1481 863 vobis
1495 793 1687 888 rostrisque:

268 913 406 1010 possesis
428 921 462 986 et
484 911 519 984 iu
541 921 722 984 memorato
745 919 856 987 sunm
879 921 913 984 et
936 911 1114 983 venerabili
1137 921 1246 984 vestro
1269 911 1467 984 monasterio
1483 915 1556 985 auri
1571 915 1692 990 solidos

267 1039 401 1132 triginta
423 1035 630 1134 bptbianteos
653 1045 687 1110 ct
702 1059 740 1109 ec
762 1035 908 1108 chartula
924 1036 966 1108 sis
982 1035 1074 1108 firma
1098 1037 1217 1131 scripta
1234 1059 1292 1132 per
1308 1059 1441 1110 manum
1464 1037 1615 1112 iohannis
1633 1063 1692 1112 cu-

269 1163 360 1236 rialis
382 1187 442 1260 per
463 1173 642 1240 memorata
659 1162 834 1236 indictione
850 1161 881 1256 †
897 1161 961 1234 boc
975 1163 1106 1257 signum
1131 1161 1163 1256 †
1185 1187 1301 1238 manus
1332 1175 1511 1239 memorata
1533 1169 1636 1240 maria
1660 1178 1693 1241 ct

270 1313 354 1364 snus
377 1289 534 1364 monacha
566 1298 600 1362 et
632 1289 731 1362 sirosu
754 1287 889 1360 honesta
912 1287 1032 1358 iomina
1054 1309 1113 1357 ssu
1143 1309 1272 1382 gemma
1301 1297 1335 1362 st
1365 1293 1517 1385 gregorie
1549 1293 1693 1366 honestis

270 1415 386 1512 puellis
409 1415 552 1488 uterinos
575 1433 744 1509 germanos
767 1413 857 1508 quod
880 1433 943 1506 ego
966 1411 1026 1505 qui
1049 1423 1245 1486 memoratos
1269 1413 1310 1486 ab
1332 1439 1374 1487 eu
1399 1425 1532 1510 rogatus
1554 1442 1615 1525 pro
1631 1443 1692 1492 uos

275 1541 449 1636 subscripsi
474 1541 507 1637 †

369 1665 400 1762 †
425 1689 487 1761 opo
509 1667 673 1762 aligernus
697 1665 871 1758 subscripsi
896 1663 927 1758 †

368 1791 485 1886 †ego
507 1814 602 1864 ursus
625 1791 712 1862 filius
745 1789 870 1860 domini
894 1786 1041 1858 iohannis
1074 1795 1207 1878 rogatus
1232 1811 1251 1856 a
1274 1791 1505 1884 suprascriptas
1538 1817 1690 1887 personas

277 1921 351 1992 sessi
375 1915 550 2008 subscripsi
573 1918 604 2006 †

367 2041 398 2136 †
420 2063 483 2135 spo
505 2040 676 2134 gregorius
699 2037 784 2110 iilius
800 2036 924 2110 domini
940 2035 1089 2108 iohannis
1105 2043 1237 2130 rogatus
1254 2061 1272 2108 a
1289 2043 1520 2134 suprascriptas
1540 2067 1689 2136 personas

276 2172 348 2244 testi
372 2166 547 2262 subscripsi
569 2163 601 2258 †

370 2291 487 2388 †cgo
510 2289 665 2364 iohannes
688 2285 774 2360 filius
797 2285 921 2362 domini
945 2287 1063 2360 marini
1087 2294 1219 2378 rogatus
1244 2311 1262 2358 a
1286 2289 1517 2381 suprascriptas
1541 2315 1694 2385 personas

278 2420 352 2492 testi
374 2418 547 2512 subscripsi
570 2411 602 2508 †

373 2545 404 2640 †
429 2545 500 2638 Ego
523 2543 678 2624 iohannes
700 2541 835 2616 Curialis
858 2537 1027 2634 complevi
1051 2547 1084 2608 et
1107 2537 1229 2608 absolvi
1254 2561 1312 2634 per
1336 2549 1512 2612 memorata
1533 2542 1626 2612 tertia
1642 2543 1693 2612 in-

280 2667 419 2742 dictione
443 2665 474 2760 †
