4876 6520
1397 595 1412 688 (
1436 599 1482 664 ⁴2
1506 591 1519 688 l

737 738 987 851 expoliatorium
1019 759 1053 825 et
1082 747 1242 822 lenarium
1266 769 1326 820 nee
1348 769 1416 818 non
1445 753 1478 819 et
1508 767 1569 841 pre
1592 754 1751 839 quantum
1775 744 1930 816 meruerit
1953 766 2014 838 pre
2037 745 2168 816 havita-

738 881 843 954 tiones
867 889 900 954 et
923 887 997 950 ante
1029 879 1160 949 lernaea
1190 873 1292 970 ipsius
1323 872 1430 946 balnei
1454 881 1487 946 et
1509 893 1571 967 pre
1593 893 1725 942 emnem
1747 870 1884 943 hordine
1906 881 1939 943 et
1962 893 2044 964 opus
2067 873 2167 966 ipsius

740 1008 847 1082 balnei
870 1007 960 1104 quod
984 1006 1024 1077 ad
1049 1005 1157 1100 ipsum
1179 1001 1333 1074 balneum
1355 999 1511 1072 meruerit
1534 999 1618 1070 iusta
1641 997 1797 1068 rationem
1814 996 1948 1070 licerem
1966 997 2110 1072 babeatis
2126 1025 2168 1072 ex

740 1140 849 1236 ipsum
870 1135 1004 1210 bortum
1026 1141 1176 1208 nostrum
1199 1131 1311 1204 tollere
1328 1139 1368 1200 ¹et
1390 1130 1495 1200 faeere
1518 1127 1599 1198 illud
1622 1127 1664 1198 ud
1686 1125 1776 1197 omni
1807 1135 1916 1200 vestro
1944 1129 2113 1222 expendia.
2137 1142 2169 1202 et

742 1263 948 1361 ipsebalnee
970 1283 1046 1336 urm
1069 1259 1283 1334 hesitationes
1305 1277 1362 1328 sen
1385 1255 1538 1327 sutienes
1561 1277 1635 1326 suas
1664 1264 1697 1328 et
1719 1277 1796 1329 eum
1818 1256 1970 1328 omnibns
1993 1257 2040 1328 eis
2063 1261 2170 1350 perti-

744 1391 892 1468 nentibus
906 1391 942 1462 in
958 1397 1064 1463 restra
1080 1387 1270 1483 vestrisque
1286 1384 1459 1461 heredibus
1474 1384 1539 1458 sint
1553 1379 1753 1481 potestatem.
1768 1393 1802 1457 et
1817 1387 1925 1458 emnia
1942 1388 2170 1482 quodcumque

744 1519 860 1592 exinde
882 1516 994 1590 tollere
1018 1525 1052 1588 et
1075 1513 1195 1586 habere
1217 1509 1390 1606 potueritis
1413 1533 1472 1606 per
1494 1509 1613 1606 queris
1635 1510 1771 1582 modum
1795 1509 1830 1580 in
1852 1520 1958 1583 restra
1981 1511 2170 1606 vestrisque.

744 1645 916 1720 heredibus
939 1645 1004 1718 sint
1027 1651 1220 1740 patestatem
1242 1640 1329 1716 nude
1352 1639 1476 1713 nullam
1498 1649 1625 1736 partem
1647 1662 1707 1712 nes
1723 1649 1756 1714 et
1771 1647 1914 1734 posteras
1929 1649 2054 1711 nostras
2077 1640 2172 1712 vebis

746 1773 935 1868 vestrisque.
959 1767 1132 1843 heredibus
1155 1767 1274 1840 exinde
1297 1787 1482 1862 queramus.
1506 1767 1732 1838 tantummodo
1755 1787 1815 1836 nos
1834 1774 1868 1836 et
1882 1775 2023 1859 posteras
2049 1774 2172 1838 nostras

601 1965 606 1982 ,
624 1955 630 1966 s
746 1897 847 1970 semel
862 1917 922 1989 per
936 1913 1050 1966 omnes
1064 1913 1189 1966 meuses
1204 1891 1336 1988 quande
1353 1891 1423 1986 ipse
1436 1889 1571 1964 balneus
1585 1890 1742 1964 lavaverit
1754 1890 1917 1962 lieentiam
1929 1889 2105 1962 habeamus
2116 1895 2175 1964 de·

746 2020 897 2093 werdere
911 2027 944 2090 et
959 2017 1072 2090 benite
1082 2040 1141 2114 par
1155 2015 1227 2112 ipse
1240 2029 1354 2090 nosue
1367 2015 1565 2090 monasterio
1576 2016 1617 2087 ad
1631 2016 1738 2110 ipsum
1748 2013 1901 2086 balneum
1915 2036 1976 2108 pre
1988 2013 2172 2088 lavandum.

751 2155 784 2220 et
807 2168 867 2218 ros
891 2155 946 2220 aut
969 2143 1104 2220 heredes
1125 2145 1225 2218 vestri
1249 2145 1342 2218 nobis
1366 2155 1587 2242 posterasque.
1611 2154 1738 2216 nostras
1755 2142 1878 2215 faciatis
1894 2143 1999 2216 faeere
2021 2143 2174 2216 balneum

749 2271 887 2346 benum.
913 2280 946 2342 et
969 2293 1088 2366 aquam
1111 2269 1206 2342 nobis
1222 2271 1301 2343 dare
1316 2281 1475 2368 quantarm
1489 2271 1612 2344 iustum
1628 2269 1727 2342 luerit
1741 2269 1851 2362 gratis.
1877 2275 1910 2340 et
1925 2268 1952 2340 si
1968 2291 2027 2340 nes
2043 2281 2099 2340 ant
2112 2291 2172 2364 pe-

749 2407 849 2472 steras
865 2407 992 2469 nostras
1005 2407 1140 2493 totaque
1156 2399 1225 2492 ipsa
1240 2407 1351 2471 nostra
1364 2401 1574 2494 congregatio
1589 2398 1790 2471 noluerimus
1806 2397 1927 2470 ibidem
1943 2397 2039 2470 simul
2063 2397 2173 2472 benire

749 2526 885 2598 adamate
908 2535 942 2594 at
964 2523 1138 2596 lavandum
1161 2524 1295 2596 lieerem
1318 2526 1496 2598 habeamus
1519 2527 1560 2600 da
1576 2547 1690 2596 omnes
1713 2523 1899 2620 quindecim
1923 2524 1958 2598 in
1981 2527 2165 2620 quindecim

750 2649 819 2722 dies
842 2649 964 2722 ibidem
987 2647 1100 2721 benire
1130 2649 1237 2722 media
1260 2650 1339 2744 ipsa·
1356 2659 1467 2722 nestra
1496 2651 1707 2746 congregatio
1731 2659 1765 2722 at
1787 2651 1974 2726 lavandum.
2000 2661 2033 2723 et
2056 2673 2115 2722 ves
2138 2659 2169 2722 et

749 2761 885 2848 heredes
908 2775 1023 2848 restris
1046 2777 1087 2848 ad
1110 2799 1165 2849 eas
1188 2779 1294 2848 laeere
1317 2775 1441 2849 faciatis
1464 2779 1572 2873 ipsum
1593 2778 1748 2852 balneum
1770 2777 1894 2850 benum
1917 2800 1978 2872 pro
2001 2775 2173 2848 lavandum

750 2904 846 3000 quale
869 2906 992 2978 iustum
1015 2905 1114 2979 luerit
1136 2905 1247 3000 gratis.
1270 2917 1319 2978 set
1341 2907 1401 3004 qui
1424 2929 1466 2978 ex
1490 2929 1549 2978 nes
1563 2917 1620 2981 aut
1634 2907 1675 2979 de
1692 2921 1835 3002 posteras
1849 2915 1972 2978 nostras
1996 2907 2175 2978 servitrices

749 3029 901 3106 babuerit
917 3032 1049 3108 lieerem
1064 3032 1182 3106 babeas
1197 3055 1308 3106 seeum
1327 3034 1389 3106 sivi
1405 3033 1476 3106 illas
1490 3045 1620 3129 portare
1635 3044 1669 3106 ut
1684 3035 1857 3106 lavandum
1873 3035 1981 3129 gratis.
1999 3045 2032 3106 et
2046 3035 2176 3128 quaudo
2213 3009 2227 3027 ⁵¹

751 3181 810 3252 per
833 3181 893 3232 nos
917 3169 974 3231 aut
997 3168 1140 3252 posteras
1171 3169 1295 3232 nostras
1329 3161 1515 3234 benerimus
1537 3185 1599 3256 pre
1620 3161 1794 3233 lavandum
1818 3165 1858 3234 ad
1882 3163 1987 3256 ipsum
2022 3163 2174 3234 balneum

752 3286 848 3358 nubis
872 3287 1038 3381 adsignare
1062 3287 1203 3358 debeatis
1226 3288 1332 3382 ipsum
1356 3287 1507 3359 balneum
1531 3297 1564 3359 et
1584 3287 1710 3360 nullum
1734 3289 1833 3360 alium
1848 3289 2014 3361 bominem
2039 3313 2098 3362 nee
2122 3290 2172 3360 ri-

754 3435 829 3486 rum
853 3437 913 3486 nee
936 3415 1106 3487 mulierem
1130 3415 1252 3490 ibidem
1275 3415 1419 3510 recipere
1441 3415 1576 3486 minime
1598 3415 1789 3510 presumatis
1812 3417 1892 3488 dnm
1916 3437 1974 3487 nes
1991 3417 2112 3488 ibidem
2128 3417 2175 3486 la-

752 3540 946 3612 varerimns.
970 3539 1104 3634 lmuper
1126 3563 1185 3616 res
1208 3553 1241 3613 et
1263 3540 1398 3613 heredes
1422 3539 1535 3612 restris
1558 3538 1652 3609 nobis
1676 3547 1892 3634 posterasque
1908 3548 2033 3612 nostras
2049 3563 2174 3614 memo-

755 3675 888 3759 ratique
920 3674 1031 3737 nestra
1065 3666 1323 3760 congregationis
1354 3665 1430 3736 dare
1460 3680 1492 3737 et
1524 3664 1663 3758 dirigere
1691 3663 1832 3736 debeatis
1855 3664 1889 3734 in
1914 3665 2113 3738 eebdemada
2136 3667 2177 3738 de

754 3791 821 3883 ipsa
844 3791 975 3866 lestium
991 3801 1177 3863 sanctorum
1200 3791 1377 3863 marcellini
1394 3800 1427 3862 et
1438 3791 1521 3885 petri
1537 3791 1668 3898 absque.
1693 3792 1783 3860 omni
1798 3790 2016 3862 minationem.
2036 3799 2068 3862 et
2083 3813 2179 3864 num-

754 3941 854 4012 quam
877 3921 1130 4013 presummimus
1153 3943 1213 3992 nes
1236 3928 1293 3992 aut
1315 3930 1457 4014 peste-as
1481 3930 1605 3991 nostras
1629 3943 1690 3993 nee
1711 3929 1909 3992 memoratus
1925 3933 2053 3992 mustus
2069 3943 2106 3992 ae
2121 3944 2178 3990 ve·

758 4045 912 4118 nerebilis
935 4059 1045 4119 noster
1067 4053 1280 4122 monasterius
1297 4073 1356 4121 nee
1372 4049 1547 4122 habeamus
1561 4049 1724 4120 licentiam
1748 4049 1921 4146 aliquando
1944 4049 2089 4145 lempure
2111 4073 2179 4122 me-

755 4175 922 4241 moratum
952 4169 1102 4242 balneum
1129 4195 1229 4268 quem
1252 4173 1391 4246 feceritis
1415 4196 1490 4244 eum
1518 4172 1731 4246 saviationes
1760 4184 1793 4246 et
1815 4174 1966 4247 stationes
1998 4177 2073 4247 suas
2104 4175 2179 4245 eum
2253 4219 2257 4225 -

759 4300 931 4374 introitum
955 4323 1050 4374 surim
1084 4304 1308 4401 omnibusque.
1333 4305 1395 4378 siri
1418 4305 1651 4399 pertinentibus
1674 4316 1711 4378 nt
1734 4328 1831 4402 super
1853 4307 1972 4401 legitur
2006 4307 2100 4378 vebis
2123 4329 2182 4377 ve-

761 4427 902 4521 strisque
925 4421 1097 4502 heredibus
1122 4431 1232 4505 tollere
1256 4455 1314 4526 per
1337 4433 1463 4505 nullum
1486 4435 1619 4505 medum
1651 4459 1711 4506 nee
1734 4457 1793 4529 per
1816 4435 1993 4506 summissis
2021 4437 2175 4529 personis.

758 4553 910 4626 iacientes
934 4567 967 4626 et
991 4557 1198 4653 adimplentes
1231 4583 1290 4630 ves
1314 4569 1346 4632 et
1369 4559 1503 4633 heredes
1539 4561 1655 4632 vestris
1688 4563 1781 4634 nobis
1810 4573 2026 4657 posterasque
2056 4573 2180 4635 nostras

758 4682 841 4776 ipsas
866 4686 1111 4759 eonsuetudines
1134 4687 1261 4759 lavandi
1287 4697 1319 4758 et
1342 4677 1426 4782 ipsas
1450 4687 1528 4761 obas
1551 4699 1681 4761 eentum
1705 4700 1742 4762 nt
1764 4715 1861 4785 super
1884 4692 2015 4784 legitur.
2039 4694 2182 4765 Verum·

761 4815 867 4879 tamen
890 4808 919 4881 si
942 4833 985 4882 ex
1007 4810 1115 4905 ipsum
1139 4809 1271 4882 bortum
1295 4821 1442 4883 nostrum
1465 4815 1654 4886 remanserit
1677 4837 1776 4913 quem
1799 4817 1934 4890 minime
1950 4819 2006 4892 liat
2030 4828 2064 4889 et
2078 4817 2179 4915 perti-

758 4947 833 5008 neat
856 4935 890 5008 in
913 4957 996 5032 epus
1019 4945 1052 5008 et
1074 4931 1244 5012 utilitatem
1268 4938 1367 5035 ipsius
1391 4941 1495 5015 balnei
1519 4945 1695 5017 seeundum
1719 4945 1830 5018 beram
1853 4947 2011 5019 rationem
2036 4955 2069 5018 et
2093 4945 2175 5016 sicut
