4876 6520
910 647 922 744 t
944 651 988 720 ³⁷
1013 647 1034 740 t

907 933 1026 1008 cnut.

346 1187 438 1282 †1n
462 1184 592 1256 nomine
616 1182 739 1256 domini
761 1183 814 1255 dei
836 1183 1003 1256 salvatorio
1026 1183 1128 1252 nostri
1151 1182 1247 1256 ihesu
1261 1183 1380 1254 Ciuisti
1402 1184 1581 1277 Imperaute
1605 1184 1679 1254 doa-
1738 1209 1792 1256 an.

252 1311 344 1386 mino
367 1321 481 1384 nostro
504 1310 620 1382 basilio
643 1331 764 1404 magno
786 1309 986 1402 Imperatore
1013 1329 1098 1377 mno
1122 1308 1276 1378 vicesimo
1301 1309 1418 1378 tertio:
1444 1307 1500 1378 sed
1522 1319 1556 1377 et
1584 1307 1671 1378 Con-
1722 1319 1810 1382 983.

252 1436 393 1507 utantino
415 1454 536 1527 magno
559 1435 756 1528 Imperatore
779 1453 867 1503 enno
888 1431 1054 1505 rioerimo.
1078 1431 1131 1502 die
1154 1430 1369 1501 sextadecima
1391 1433 1509 1502 mensis
1532 1431 1670 1502 ianuarii

251 1558 427 1631 indictione
449 1555 619 1628 undecima
633 1555 779 1651 neapoli:
804 1555 938 1627 Certum
952 1565 1000 1626 eet
1013 1575 1067 1624 me
1081 1551 1236 1646 stephano
1251 1553 1320 1624 filio
1334 1555 1497 1648 quondam
1512 1553 1580 1624 urai
1594 1577 1670 1648 pre
1736 1601 1739 1608 ,

251 1683 373 1778 ebytui
395 1679 453 1775 qni
476 1681 538 1750 tuit
562 1679 701 1750 abitator
723 1680 758 1748 in
772 1677 1006 1748 marunnmtA
1027 1675 1167 1770 presenti
1181 1675 1234 1746 die
1253 1674 1471 1768 promtissima
1487 1677 1670 1748 voluntate:

247 1809 356 1878 offero
379 1815 412 1874 et
434 1805 528 1876 trado
551 1803 612 1874 mi
634 1803 768 1874 domino
790 1801 938 1896 filippum
962 1801 1139 1873 venerabili
1162 1803 1317 1896 igumeno
1331 1805 1521 1874 monasterii¹
1542 1816 1671 1877 sancto-

254 1953 328 2003 rum
351 1931 448 2025 sergii
462 1939 496 2000 et
509 1930 604 2002 bachi
628 1931 686 2026 qui
711 1949 801 2001 nune
822 1937 1036 2022 oongregatna
1059 1928 1157 1997 estin
1170 1927 1365 2002 monesterio
1379 1938 1564 2000 sauctorum
1580 1930 1673 2002 theo-

253 2055 326 2128 dori
344 2063 377 2125 et
388 2053 580 2126 eevmtinni:
605 2055 705 2128 eitum
721 2055 756 2126 in
770 2051 922 2126 tirimio:
948 2052 1007 2147 qui
1024 2051 1204 2147 appellatur
1217 2053 1394 2148 easapieta:
1421 2061 1454 2124 et
1469 2075 1527 2146 per
1543 2063 1622 2125 teet
1637 2054 1671 2126 in

252 2189 429 2252 memorata
448 2189 556 2252 renota
572 2189 606 2252 et
618 2179 799 2253 venerabili
811 2187 920 2250 eunom
936 2187 1041 2254 vestra
1053 2181 1303 2277 mugregatione
1318 2181 1574 2257 monachornm:
1589 2183 1671 2257 idest

252 2309 417 2404 integrum
440 2308 576 2381 fundum
598 2329 709 2380 metnn
732 2307 875 2402 purtem
891 2305 928 2379 in
941 2317 1123 2380 memorato
1139 2307 1213 2380 loeo
1228 2329 1397 2382 maranmn
1414 2310 1498 2381 iusta
1512 2307 1587 2382 illut
1609 2335 1671 2405 pu·

254 2445 343 2508 teum
366 2457 433 2508 una
455 2455 531 2506 omn
554 2445 620 2506 tree
634 2434 735 2529 petiee
758 2435 798 2508 de
821 2443 923 2505 terras
947 2455 1035 2505 mene
1057 2435 1177 2528 positu
1200 2434 1236 2504 in
1250 2445 1430 2504 memorato
1445 2433 1519 2504 loeo
1533 2457 1598 2505 una
1612 2459 1671 2528 pu-

247 2555 582 2658 tiaaeripsaterra
612 2555 1521 2652 pouitaingranianietatiapetiapoeitaineumpo
1549 2559 1672 2630 maiore

256 2691 290 2752 et
312 2680 500 2752 nominatur
522 2679 700 2774 eorrigiola
722 2679 818 2748 tertia
839 2679 926 2772 petia
940 2677 1044 2772 poeita
1068 2687 1101 2749 at
1124 2690 1294 2752 rovoreto:
1318 2705 1376 2754 eeu
1399 2684 1501 2755 offero
1524 2694 1557 2754 et
1581 2684 1672 2756 trado

259 2805 318 2875 tilu'
333 2815 366 2875 et
379 2827 439 2899 per
455 2815 487 2876 te
503 2813 536 2876 ot
549 2805 585 2876 in
601 2813 784 2876 memorato
798 2813 909 2877 saneto
924 2813 957 2876 et
971 2805 1149 2877 renerubili
1168 2815 1275 2879 veruo
1292 2809 1487 2880 monasterio
1500 2819 1673 2906 sanctaque

259 2940 364 3000 restra
388 2929 639 3024 congregatione
664 2926 897 3001 monachornm
912 2938 946 3000 et
960 2927 1086 3023 integra
1099 2929 1234 3002 domum
1249 2951 1322 3000 mea
1335 2931 1371 3002 in
1386 2953 1451 3026 qua
1465 2954 1529 3026 ego
1543 2955 1674 3006 manere

256 3055 370 3128 viduor
393 3055 497 3150 posita
527 3055 563 3128 in
596 3054 732 3150 regione
754 3053 884 3150 neapoli
907 3053 942 3128 in
965 3055 1040 3126 vioo
1063 3057 1123 3152 qui
1149 3057 1339 3130 nommetur
1359 3059 1563 3154 eappafitiua
1586 3063 1674 3134 inim

258 3191 349 3254 ente
371 3181 495 3253 maiore
517 3184 558 3254 de
580 3191 675 3276 petro
698 3183 790 3254 hano·
807 3203 865 3252 eeu
888 3183 993 3254 offero·
1012 3193 1047 3251 et
1070 3181 1161 3253 trario
1176 3181 1236 3252 tibi
1252 3194 1287 3254 et
1299 3205 1395 3255 omno
1409 3207 1485 3255 mea
1496 3185 1673 3258 substantia

257 3303 416 3400 quidquid
439 3303 542 3376 modo
560 3303 641 3374 abeo
664 3302 719 3374 vel
743 3303 778 3376 in
801 3311 894 3376 antea
916 3325 1030 3398 parare
1053 3313 1087 3374 et
1105 3305 1302 3402 oonquidere
1315 3309 1459 3403 potueris
1472 3333 1531 3404 per
1554 3311 1673 3405 quohie

257 3433 399 3503 modum
423 3429 484 3502 hee
507 3441 615 3503 anem
639 3429 791 3502 omnibus
813 3431 1001 3505 memoratis
1024 3441 1061 3502 nt
1076 3455 1174 3527 snper
1197 3433 1317 3529 legitur
1330 3457 1395 3506 nna
1410 3459 1485 3508 eum
1502 3437 1673 3508 arvorssrm

257 3557 431 3630 irretiier’n
455 3567 488 3628 et
510 3580 586 3628 eum
610 3555 738 3629 aeribus
753 3567 785 3627 et
799 3556 979 3650 aspectibus
1002 3557 1070 3630 suis
1091 3582 1243 3654 quanqam
1267 3583 1342 3630 omn
1365 3561 1512 3632 introitae
1528 3585 1600 3632 euas
1616 3585 1674 3656 per

257 3689 351 3774 portu
374 3689 407 3750 et
429 3689 520 3750 eunte
543 3701 715 3751 eommune
738 3690 771 3751 et
794 3703 870 3756 orm
894 3681 1045 3754 omnibus
1068 3679 1132 3755 siri
1146 3682 1402 3778 pertinentibm:
1427 3693 1465 3754 ut
1478 3707 1518 3755 av
1542 3684 1674 3756 odierna

166 3877 170 3884 ,
258 3805 312 3877 die
336 3813 370 3876 et
392 3805 542 3899 deinoepe
564 3805 724 3877 iamdietie
746 3804 897 3880 omnibm
919 3807 1106 3880 memoratis
1129 3818 1166 3880 nt
1179 3816 1282 3902 'super
1304 3807 1425 3906 legitur
1448 3835 1467 3879 a
1489 3833 1542 3879 me
1566 3810 1675 3882 tihi-et

257 3931 295 4002 in
310 3941 491 4002 meinorato
505 3939 616 4002 saneto
632 3939 665 4000 et
679 3929 855 4002 venerabili
869 3940 978 4004 teetro
993 3933 1190 4006 monasterio
1204 3935 1246 4006 eit
1265 3933 1410 4007 oblatum
1425 3944 1458 4004 et
1472 3933 1623 4006 traditum
1639 3937 1674 4008 in

254 4059 364 4130 baetea
378 4059 555 4153 imumque
569 4055 705 4152 posteris
717 4065 750 4126 et
760 4055 796 4128 in
810 4065 1111 4130 memoratoaaneto
1123 4069 1157 4129 et
1170 4059 1350 4132 venerabili
1359 4070 1466 4132 restro
1479 4063 1673 4142 monasterio

253 4181 300 4255 eit
322 4189 479 4276 potertate
496 4189 529 4251 at
544 4179 704 4252 aientium
720 4177 795 4252 illut
809 4179 845 4253 in
859 4180 1093 4274 eempitemum
1115 4191 1149 4254 et
1170 4205 1276 4278 nequo
1296 4209 1316 4256 a
1333 4207 1387 4255 me
1401 4195 1580 4258 memorato
1602 4199 1673 4262 eto-

246 4305 359 4402 phano
381 4329 488 4401 neque
511 4329 530 4374 a
552 4303 641 4375 meie
657 4301 829 4376 heredihm
844 4305 900 4377 vei
914 4328 934 4374 a
948 4304 1043 4378 nobis
1066 4307 1214 4400 personia
1225 4309 1408 4382 summissis
1419 4309 1513 4382 nullo
1530 4321 1677 4408 tempore

252 4451 426 4524 nunquam
442 4453 501 4501 roe
516 4438 695 4499 memorato
710 4425 843 4500 domino
858 4427 1006 4522 filippum
1022 4429 1200 4502 venerabili
1217 4432 1370 4526 igumeno
1386 4445 1441 4508 aut
1456 4437 1593 4530 porteris
1610 4461 1674 4511 ve-

250 4557 333 4630 ruis
357 4555 411 4626 rei
433 4567 612 4628 memorato
635 4565 745 4628 eanoto
769 4567 803 4627 et
825 4555 1003 4630 veneranti
1022 4570 1130 4630 restro
1145 4561 1342 4633 monasterio
1356 4565 1445 4658 qnod
1458 4565 1541 4634 absit
1555 4566 1675 4634 abeatis

254 4683 379 4757 exinde
392 4681 563 4778 aliquarum
578 4705 782 4778 quacumque
795 4683 1038 4777 requisitionem
1053 4695 1110 4755 ant
1123 4687 1270 4758 molestia
1285 4711 1304 4756 a
1317 4713 1404 4762 nuno
1417 4691 1498 4760 etin
1513 4691 1678 4784 perpetuis

254 4809 479 4906 emporibus:
505 4809 769 4880 Verumtammen
784 4809 871 4878 stetit
887 4809 971 4881 inter
985 4810 1080 4882 nobie
1093 4821 1131 4883 ut
1146 4813 1302 4885 omninum
1315 4813 1431 4884 diehm
1444 4815 1509 4885 vite
1525 4837 1597 4886 mee
1613 4817 1674 4887 siut

255 4943 292 5013 in
318 4935 469 5009 mnino
492 4931 678 5006 memoratis
701 4931 837 5054 dompm
861 4941 894 5002 et
910 4931 1058 5006 domium
1073 4943 1106 5005 at
1119 4935 1295 5030 regendum
1311 4947 1344 5008 et
1358 4937 1582 5032 gubernendo:
1603 4952 1673 5034 poet
