4906 6520
1431 647 1575 746 (tro)

1442 931 1561 1005 ΜΗ.

681 1217 731 1264 sn.
893 1191 1143 1286 †1nnomine
1175 1185 1300 1260 domini
1324 1186 1378 1258 dei
1411 1183 1582 1256 salvatoris
1613 1181 1720 1253 nostri
1750 1181 1851 1253 ihesu
1883 1179 2007 1254 Christi
2036 1183 2214 1276 imperante

587 1338 598 1353 ·
658 1327 743 1390 997.
800 1316 932 1389 domino
955 1323 1066 1386 nostro
1090 1313 1203 1385 basilio
1226 1333 1346 1406 magno
1369 1311 1568 1404 Imperatore
1593 1329 1679 1378 anno
1694 1303 1995 1398 tricesimoseptimo
2010 1305 2067 1378 sed
2082 1313 2116 1376 et
2130 1329 2212 1380 eoa-

801 1439 939 1512 stantino
964 1459 1084 1531 magno
1103 1439 1300 1530 Imperatore
1324 1457 1409 1505 anno
1433 1433 1728 1526 tricesimoquarto:
1748 1431 1800 1503 die
1816 1431 1970 1502 vicesima
1985 1429 2082 1501 tertia
2098 1431 2213 1504 mensis

800 1565 909 1636 martii
933 1539 1107 1638 indictione
1130 1565 1255 1636 decima
1279 1561 1430 1656 neapoli:
1463 1561 1596 1631 Certum
1623 1569 1671 1630 est
1695 1583 1749 1630 me
1772 1557 1938 1628 moroaldo
1961 1559 2030 1630 filio
2053 1555 2215 1653 quondam

801 1694 884 1764 ursi:
912 1691 1050 1761 abitator
1072 1691 1108 1760 in
1131 1690 1204 1758 loco
1227 1689 1285 1780 qui
1304 1695 1441 1756 vocatur
1455 1683 1532 1754 billa
1546 1683 1652 1754 noba:
1679 1683 1708 1756 Α
1724 1681 1862 1778 presenti
1878 1683 1930 1754 die
1947 1683 2104 1775 promitto
2121 1683 2208 1753 robis

801 1815 934 1884 domino
957 1813 1106 1904 filippum
1122 1809 1337 1880 venerabilem
1351 1809 1507 1901 igumeno
1528 1805 1717 1878 monasterii
1739 1813 1926 1875 sanctorum
1948 1806 2047 1897 sergii
2069 1814 2103 1875 et
2117 1803 2207 1876 bachi

801 1939 859 2032 qui
882 1959 969 2006 nunc
1000 1945 1216 2028 congregatus
1249 1955 1283 2003 es
1314 1933 1348 2002 in
1380 1933 1575 2002 monasterio
1598 1939 1785 2001 sanctorum
1809 1928 1958 2000 theodori
1983 1939 2015 1998 et
2038 1929 2207 2000 sevastiani

802 2063 860 2156 qui
890 2060 1067 2153 appellatur
1097 2059 1253 2150 casapicta
1277 2059 1374 2126 situm
1398 2057 1433 2126 in
1458 2057 1660 2127 viridiarium
1687 2065 1720 2126 et
1743 2065 1775 2125 at
1802 2063 1933 2124 cunctas
1957 2055 2209 2146 congregatione

802 2185 1036 2256 monachorum
1060 2183 1230 2254 memorati
1254 2185 1355 2253 sancti
1380 2195 1412 2252 et
1436 2182 1627 2254 venerabilis
1650 2181 1750 2252 vestri
1775 2179 1977 2251 monasterii:
2003 2189 2137 2272 propter
2151 2177 2212 2248 in-

805 2321 894 2403 tegra
919 2335 984 2380 una
1010 2309 1110 2404 petias
1133 2309 1174 2379 de
1197 2317 1284 2377 terra
1308 2318 1414 2378 vestra
1438 2307 1519 2377 iuris
1544 2315 1726 2376 memorato
1742 2313 1852 2376 sancto
1866 2313 1899 2376 et
1914 2301 2091 2376 venerabili
2106 2311 2215 2374 vestm

801 2434 997 2505 monasterio
1020 2443 1053 2504 et
1076 2433 1263 2504 nominatur
1286 2444 1318 2502 at
1340 2433 1390 2502 itti
1412 2430 1554 2501 calusci:
1580 2431 1687 2524 posita
1711 2431 1746 2500 in
1761 2429 1854 2500 loco:
1878 2449 2034 2499 unacum
2050 2425 2216 2497 erroribus

804 2569 836 2630 et
860 2561 1029 2632 introitum
1053 2583 1150 2632 suum
1173 2569 1206 2632 et
1228 2560 1380 2630 omnihus
1402 2560 1465 2631 sivi
1488 2557 1732 2653 pertinentibus.
1748 2557 1880 2628 coheret
1895 2555 1958 2628 sivi
1974 2556 2015 2626 de
2030 2577 2097 2624 uno
2117 2557 2214 2626 latere

803 2699 889 2758 terra
912 2689 1042 2759 domine
1075 2687 1178 2758 marie
1210 2673 1345 2758 honeste
1375 2687 1495 2758 semine
1519 2687 1579 2781 qui
1601 2688 1754 2758 merenda
1777 2685 1938 2756 clamator
1961 2685 2026 2755 filia
2049 2686 2214 2779 quondam

802 2814 926 2884 domini
950 2813 1118 2884 iohannis:
1145 2823 1178 2885 et
1201 2815 1241 2884 de
1265 2815 1331 2884 otio
1354 2813 1455 2885 latere
1479 2824 1565 2886 terra
1588 2813 1723 2884 heredes
1746 2813 1911 2906 quondam
1934 2811 2059 2883 domim
2082 2810 2216 2903 atigerni

802 2939 950 3011 holcani:
977 2939 1017 3011 de
1040 2941 1229 3031 suocapite
1255 2950 1342 3009 terra
1370 2941 1502 3012 heredes
1525 2939 1647 3010 domini
1669 2937 1791 3031 sergii:
1823 2945 1855 3008 et
1879 2938 1921 3010 de
1944 2937 2010 3008 alio
2033 2938 2138 3029 capita
2164 2939 2216 3010 ria

800 3064 951 3161 publica:
976 3087 1058 3160 quas
1081 3087 1160 3138 vero
1185 3075 1378 3135 memoratas
1404 3067 1503 3160 petias
1527 3069 1568 3136 de
1592 3075 1769 3136 memorata
1791 3075 1894 3138 terras
1919 3077 1956 3138 ut
1978 3065 2212 3160 supertegitur

802 3189 886 3260 mihi
909 3189 1073 3282 meisque:
1095 3187 1268 3259 heredibus
1291 3188 1447 3261 dedistitis
1462 3189 1497 3261 in
1511 3189 1643 3282 ooiiigio
1659 3197 1691 3257 at
1706 3181 1919 3260 lavorandum'
1933 3197 1965 3260 et
1980 3188 2212 3260 detinendum:

805 3313 840 3382 in
871 3336 912 3383 co
943 3321 1056 3384 tenore
1090 3324 1127 3384 ut
1158 3315 1234 3384 ahto
1265 3323 1413 3406 tempore
1437 3337 1501 3406 ego
1525 3327 1558 3386 et
1582 3315 1752 3388 heredibus
1775 3314 1857 3384 meis
1881 3338 1963 3385 vene
1986 3323 2020 3385 et
2042 3313 2215 3405 diligenter

804 3435 951 3506 lavorare
984 3444 1018 3506 et
1049 3435 1198 3507 excolere
1229 3445 1263 3505 et
1290 3445 1322 3504 at
1345 3437 1482 3507 medere
1504 3439 1594 3508 cuttu
1619 3437 1794 3530 perducere
1817 3439 1990 3508 debeamus
2014 3461 2090 3508 curn
2116 3439 2214 3508 vobes

804 3571 915 3630 nostro
937 3573 971 3634 et
993 3561 1208 3632 conciatruias
1230 3562 1283 3634 vet
1305 3563 1417 3634 omnia
1440 3585 1580 3661 expensa
1602 3563 1809 3634 caucuminas
1833 3573 1867 3635 et
1889 3563 1971 3637 bites
1985 3561 2108 3634 ibidem
2121 3563 2210 3634 ornni

806 3709 911 3760 annue
942 3709 1063 3782 ponera
1093 3697 1126 3758 et
1155 3688 1298 3781 plantare
1330 3687 1504 3758 debeamus
1527 3688 1585 3757 ubi
1608 3688 1745 3759 necessis
1769 3690 1888 3760 tueris:
1912 3701 1945 3760 et
1968 3689 2087 3760 amodo
2110 3710 2212 3782 usqtae

805 3812 893 3907 quod
917 3834 980 3907 ego
1002 3819 1037 3882 et
1058 3808 1236 3880 heredibus
1257 3810 1339 3880 meis
1363 3810 1484 3879 ibidem
1509 3811 1681 3882 fecerimus
1704 3811 1817 3886 vinum
1841 3811 2001 3882 mundum
2016 3811 2135 3883 homes
2158 3834 2215 3882 sex

804 3953 977 4030 superma
1001 3933 1075 4005 illos
1098 3933 1211 4005 toliere
1235 3933 1409 4006 debeamus
1438 3943 1471 4004 et
1494 3933 1551 4004 ubi
1575 3957 1638 4030 ego
1660 3944 1693 4005 et
1716 3932 1888 4006 heredibus
1911 3933 1993 4008 meis
2016 3933 2137 4005 ibidem
2162 3935 2214 4004 te·

806 4063 945 4133 cerimus
968 4073 1183 4133 memoratum
1207 4061 1321 4132 vinum
1345 4063 1508 4133 mundum
1527 4062 1646 4134 homes
1669 4083 1746 4132 sex:
1770 4063 1810 4133 da
1833 4060 1909 4132 inde
1923 4061 1959 4132 in
1975 4071 2066 4134 antea
2090 4060 2215 4132 divida-

806 4208 879 4256 mus
901 4187 985 4257 inter
1007 4188 1102 4257 nobis
1126 4187 1235 4281 ipsum
1259 4188 1371 4258 vinum
1405 4189 1572 4284 quarmodo
1600 4187 1714 4257 secaris
1736 4198 1820 4259 totas
1843 4188 1912 4282 ipse
1935 4189 2008 4258 loco
2031 4208 2108 4260 cum
2131 4210 2213 4280 por-

805 4309 951 4382 tionariis
981 4313 1048 4384 saie
1080 4313 1138 4408 qni
1160 4325 1246 4384 terra
1270 4313 1306 4382 in
1329 4325 1420 4407 parta
1445 4311 1584 4384 moueris
1607 4312 1648 4385 de
1674 4316 1743 4409 ipsa
1767 4325 1850 4386 terra
1875 4313 1965 4384 stetit
1986 4313 2079 4384 nobis
2101 4313 2210 4384 omnia

807 4457 911 4505 annue
935 4457 996 4527 ego
1020 4445 1053 4506 et
1075 4437 1247 4506 heredibus
1269 4436 1351 4505 meis
1373 4435 1466 4507 vobis
1481 4437 1678 4531 vmtrisqne:
1701 4437 1837 4530 posteris
1854 4435 1931 4509 dare
1946 4447 1979 4509 et
1993 4439 2143 4513 atducere
2157 4439 2214 4510 de-

808 4559 939 4629 beamus
962 4556 1150 4627 terraticum
1173 4557 1212 4627 de
1235 4578 1301 4649 que
1324 4555 1445 4626 ibidem
1468 4556 1734 4631 seminaverimus
1758 4569 1845 4630 tanta
1869 4559 1978 4630 modia
1993 4571 2130 4656 quantas
2145 4583 2215 4633 ms-

808 4692 946 4752 nroratas
970 4681 1070 4774 petias
1093 4679 1134 4750 de
1158 4687 1351 4748 memoratas
1377 4688 1480 4748 terras
1494 4679 1681 4750 fecerimus:
1701 4693 1839 4754 tractura
1857 4693 2005 4773 paratum
2022 4705 2139 4777 umus:
2163 4682 2214 4752 in-

809 4821 860 4877 tus
883 4819 973 4900 porta
998 4806 1168 4878 memorati
1191 4805 1292 4875 sancti
1325 4817 1357 4876 et
1388 4803 1564 4876 venerabili
1589 4819 1697 4878 vestro
1720 4809 1915 4879 monasterio
1938 4819 2159 4882 mensuratum
2182 4819 2214 4876 at

809 4934 952 5003 rrrodium
977 4943 1122 5004 nostrum
1140 4931 1240 5036 ⁴quala
1263 4952 1321 5002 ros
1344 4929 1494 5004 traderitis
1517 4931 1595 5004 alias
1618 4935 1783 5006 terraticas
1806 4935 1884 5006 dum
1899 4944 2094 5006 memoratas
2112 4933 2212 5029 petias
