4906 6520
1435 737 1578 834 (aar)

1444 1013 1591 1088 centn.

685 1299 734 1346 aa.
899 1271 929 1365 †
952 1273 989 1341 ln
1014 1265 1146 1338 nomine
1170 1265 1294 1338 domini
1309 1265 1411 1338 nmtri
1428 1267 1523 1338 lhesn
1539 1263 1659 1338 Christi
1680 1264 1733 1336 dei
1751 1263 1865 1338 eterni.
1890 1261 2016 1348 Quinto
2031 1285 2117 1336 enno
2132 1267 2222 1360 prin-

663 1411 746 1471 998.
805 1399 927 1488 cipatns
950 1393 1075 1466 domini
1097 1392 1235 1464 Laidnlii
1268 1392 1402 1486 gloriosi
1433 1391 1590 1486 principis
1618 1415 1729 1466 mense
1751 1391 1916 1463 lebrnnrio
1939 1391 2110 1464 undecima
2134 1393 2224 1464 indi-

805 1521 924 1590 ctione.
950 1519 1126 1611 ldeoquem
1149 1538 1209 1586 nos
1233 1517 1245 1586 i
1269 1539 1381 1589 sumna
1405 1515 1538 1587 iohanne
1562 1531 1590 1588 rt
1614 1517 1752 1588 Summo
1775 1517 1923 1612 germani
1947 1517 2140 1612 langrrbardi
2164 1541 2222 1588 ca-

803 1646 900 1740 pnani
924 1645 981 1740 qui
1003 1666 1114 1715 snmus
1138 1654 1339 1714 comorantes
1362 1644 1449 1714 intus
1472 1643 1605 1716 cibitate
1629 1667 1773 1738 capuana
1789 1654 1822 1715 et
1837 1645 1897 1715 lilii
1920 1645 2087 1740 quondam
2102 1649 2222 1717 mmmi

804 1771 954 1867 capuanis
977 1771 1068 1841 Sicut
1091 1769 1185 1840 nobis
1208 1769 1342 1840 abtnnm
1367 1779 1399 1838 et
1423 1791 1606 1863 congruum
1629 1777 1678 1840 est
1701 1793 1777 1842 cnm
1793 1769 1890 1842 licere
1905 1781 1936 1841 et
1952 1771 2129 1844 iussionem
2141 1795 2222 1866 pre-

803 1905 860 1975 fati
874 1901 1006 1998 gloriosi
1029 1898 1184 1992 principis
1208 1899 1269 1966 Per
1295 1919 1354 1966 anc
1378 1897 1535 1967 cartulam
1558 1897 1828 1970 benumdedimus
1845 1897 1937 1968 vobis
1952 1898 2102 1972 bidelicet
2125 1899 2222 1994 ligeri

803 2041 836 2101 et
870 2029 984 2098 stelani
1015 2027 1074 2118 qui
1106 2031 1306 2116 nuccupatnr
1336 2023 1464 2096 inlermi
1493 2025 1579 2096 filius
1603 2027 1769 2118 quondam
1792 2025 1907 2097 atelani
1931 2025 2138 2120 neapolitani.
2162 2027 2222 2120 qni

802 2153 871 2221 sitis
893 2157 1130 2222 commorantes
1153 2147 1240 2217 intus
1264 2145 1392 2220 cibitate
1417 2145 1552 2240 neapoli.
1577 2147 1662 2218 ldest
1685 2149 1848 2240 quadtnor
1874 2149 1957 2242 petie
1980 2151 2021 2220 de
2044 2161 2131 2220 terre
2156 2175 2221 2223 no·

802 2288 867 2349 stre
899 2299 997 2370 quem
1026 2274 1182 2346 habemns
1216 2274 1251 2345 in
1280 2272 1398 2345 linibus
1432 2273 1550 2346 liburie
1577 2273 1651 2345 loco
1677 2275 1736 2368 qui
1759 2275 1943 2346 nominatur
1967 2283 2079 2370 quatra
2101 2278 2212 2369 panis.

802 2404 907 2474 Prime
931 2423 974 2470 ex
997 2399 1066 2492 ipse
1088 2399 1175 2492 petie
1200 2401 1240 2470 de
1262 2400 1358 2470 terris
1382 2395 1455 2471 linis
1478 2397 1574 2469 habet
1597 2397 1638 2469 de
1653 2420 1722 2470 nnn
1737 2396 1838 2470 latere
1854 2401 1917 2470 fine
1935 2408 2020 2470 terra
2035 2397 2217 2472 sichennlii.

800 2550 843 2596 ex
867 2524 931 2596 alio
954 2523 1053 2594 latere
1079 2523 1143 2596 line
1165 2531 1251 2595 terra
1268 2523 1414 2619 grasonis
1438 2531 1471 2593 et
1487 2522 1634 2596 landonis
1649 2529 1683 2593 et
1697 2523 1783 2618 petri
1796 2521 1894 2593 habet
1908 2545 1967 2618 per
1980 2524 2106 2617 singula
2122 2523 2220 2595 latera

800 2653 835 2721 in
857 2653 991 2744 longum
1015 2671 1124 2744 passos
1147 2659 1278 2724 centum
1302 2651 1469 2745 sexaginta
1492 2660 1579 2724 neto.
1608 2651 1685 2722 Unn
1707 2674 1790 2745 capu
1814 2659 1900 2722 tenet
1916 2651 1951 2722 in
1969 2661 2056 2722 terra
2080 2675 2144 2747 qne
2168 2651 2218 2724 di·

800 2781 885 2850 eitur
908 2775 1157 2870 campobiatole.
1182 2777 1261 2850 Alin
1285 2799 1368 2872 capu
1390 2786 1477 2848 tenet
1500 2777 1535 2846 in
1558 2774 1613 2848 hia
1638 2775 1766 2869 publica
1779 2772 1877 2844 habet
1900 2797 1956 2867 per
1972 2774 2099 2868 singula
2114 2776 2218 2869 capita

798 2928 857 3000 per
881 2904 1063 2976 trahemum
1082 2927 1190 2996 passos
1194 2951 1439 2978 ...........
1462 2913 1495 2976 et
1519 2912 1593 2974 tres.
1617 2905 1688 2997 lpse
1711 2904 1851 2975 secunda
1874 2902 1960 2996 petia
1984 2901 2024 2974 de
2048 2912 2133 2976 terra
2155 2901 2217 2972 iii-

776 3099 783 3124 ,
799 3057 863 3128 qne
886 3037 920 3106 in
945 3035 1060 3106 eodem
1085 3035 1157 3104 loco
1181 3041 1296 3128 quatra
1320 3057 1402 3128 pane
1417 3044 1449 3104 et
1464 3035 1651 3104 nominatur
1667 3041 1755 3102 terra
1769 3033 1840 3124 ipsa
1856 3031 1896 3101 ad
1912 3026 2022 3102 hitalia
2036 3053 2101 3125 que
2117 3031 2216 3138 halpet

800 3160 873 3230 finis
897 3169 984 3228 terra
1008 3159 1077 3251 ipsa
1101 3157 1164 3227 hab
1188 3181 1255 3230 uno
1279 3158 1378 3231 latere
1410 3171 1498 3230 terra
1528 3157 1690 3230 tnrboaldi
1713 3159 1753 3230 de
1777 3167 1891 3253 quatra
1915 3180 1996 3251 pane
2020 3159 2118 3230 habet
2142 3161 2216 3228 inde

799 3283 834 3351 in
857 3284 994 3372 longum
1017 3304 1126 3372 passos
1150 3284 1363 3377 quadraginta
1390 3293 1422 3352 et
1448 3293 1525 3356 tres.
1552 3274 1638 3354 Atiu'
1653 3283 1722 3354 latu
1745 3293 1832 3356 tenet
1855 3284 1890 3353 in
1916 3281 2000 3355 terra
2024 3283 2063 3354 dc
2088 3306 2214 3376 neapo-

799 3407 890 3476 litani
914 3416 946 3477 et
969 3405 1044 3476 inde
1067 3404 1141 3474 abet
1164 3428 1272 3500 passos
1295 3407 1518 3502 qnadraginta
1533 3414 1565 3474 et
1589 3407 1744 3501 quinque.
1769 3430 1838 3478 nnn
1860 3429 1942 3500 capu
1969 3421 2055 3480 tenet
2078 3408 2213 3478 interra

795 3530 931 3624 predicti
954 3529 1116 3602 turboaldi
1141 3531 1213 3602 abet
1238 3532 1312 3603 inde
1335 3554 1394 3624 per
1419 3529 1600 3602 trabersum
1614 3553 1724 3626 passos
1741 3531 1858 3625 viginti
1879 3541 1912 3602 et
1928 3543 2013 3604 octo.
2039 3533 2115 3604 Aliu
2131 3555 2212 3625 capu

798 3665 883 3727 tenet
907 3658 941 3728 in
965 3665 1052 3728 terra
1075 3655 1220 3749 gregorii
1243 3654 1436 3750 neapolitani
1460 3664 1492 3727 et
1514 3655 1587 3752 inde
1612 3655 1686 3726 abet
1708 3677 1818 3749 passos
1842 3656 1987 3748 triginta.
2012 3658 2105 3727 tertia
2129 3657 2211 3750 petia

795 3782 830 3850 in
861 3781 1012 3874 predictis
1047 3781 1163 3852 linibus
1198 3779 1316 3849 liburie
1350 3789 1383 3848 et
1411 3787 1498 3849 terra
1527 3779 1597 3873 ipsa
1628 3779 1747 3852 dicitur
1778 3781 1813 3851 in
1845 3781 1996 3852 cesarani.
2032 3783 2105 3866 One
2136 3782 2207 3854 abet

796 3905 868 3974 finis
901 3914 987 3976 terra
1011 3905 1079 3997 ipsa
1103 3903 1167 3972 hab
1191 3925 1258 3972 uno
1286 3903 1387 3972 latere
1410 3912 1499 3972 tenet
1523 3902 1558 3972 in
1583 3913 1669 3974 terra
1692 3905 1828 3976 maraldi
1854 3905 1888 3976 in
1911 3907 2111 3980 eilladilrone.
2135 3908 2210 3979 Aliu

794 4017 894 4104 latere
917 4035 1003 4105 tenet
1025 4033 1061 4102 in
1085 4041 1170 4102 terra
1203 4033 1243 4102 de
1272 4031 1477 4126 neapolitani.
1504 4033 1579 4102 Unu
1602 4053 1685 4126 capu
1709 4042 1797 4108 tenet
1821 4035 1855 4104 in
1881 4047 1965 4106 terra
1989 4049 2108 4110 nostra.
2132 4041 2209 4112 Aliu

696 4221 699 4226 .
796 4180 879 4249 cepn
903 4169 988 4231 tenet
1011 4160 1046 4231 in
1069 4158 1123 4228 iria
1149 4159 1276 4254 publica
1300 4159 1374 4232 abet
1397 4182 1456 4252 per
1479 4157 1606 4252 singula
1629 4159 1728 4230 latera
1753 4163 1786 4232 in
1803 4162 1938 4256 longum
1961 4187 2068 4258 passos
2094 4168 2208 4261 viginti

795 4295 827 4354 et
851 4285 926 4355 dno.
950 4297 983 4356 et
1005 4311 1064 4380 per
1088 4289 1215 4381 singula
1244 4289 1350 4381 capita
1373 4310 1432 4381 per
1456 4285 1634 4360 trabersum
1663 4289 1737 4358 abet
1759 4311 1867 4383 passos
1890 4291 2001 4364 decern
2024 4302 2057 4362 et
2079 4297 2207 4370 nobem.

794 4414 917 4496 Quarta
939 4439 982 4486 ex
1005 4417 1073 4508 ipsa
1097 4419 1184 4510 petia
1208 4417 1248 4487 de
1272 4429 1357 4490 terra
1383 4419 1417 4488 in
1440 4420 1557 4490 eodem
1579 4421 1652 4489 loco
1675 4423 1819 4492 cesarani
1850 4421 1921 4493 finis
1949 4422 2066 4496 liburie
2090 4436 2122 4495 et
2146 4451 2206 4497 ea·

794 4543 866 4612 dem
890 4541 977 4635 petia
1001 4541 1041 4611 de
1065 4551 1151 4611 terra
1173 4543 1237 4612 hab
1261 4567 1327 4616 uno
1351 4546 1450 4615 latere
1474 4547 1538 4614 fine
1561 4557 1648 4616 terra
1671 4547 1835 4620 sichenolli
1856 4552 1991 4622 comitis.
2007 4577 2051 4622 ex
2064 4553 2127 4624 alio
2152 4554 2205 4623 la-

793 4677 859 4740 tere
882 4670 945 4742 fine
969 4668 1063 4737 tertia
1086 4675 1173 4737 terra
1197 4667 1271 4739 alret
1294 4690 1353 4762 per
1378 4667 1504 4762 singula
1526 4669 1625 4742 latera
1650 4672 1684 4742 in
1705 4673 1904 4767 longitudine
1921 4699 2030 4770 passos
2045 4681 2206 4774 qoinqua-

792 4797 888 4887 ginta.
912 4819 983 4872 nnn
1005 4819 1088 4890 capu
1112 4804 1199 4868 tenet
1222 4798 1256 4866 in
1281 4805 1368 4867 terra
1390 4796 1526 4867 maraldi
1548 4797 1644 4870 habet
1672 4801 1789 4872 exindo
1814 4825 1870 4895 per
1894 4803 2073 4878 trebersnm
2097 4829 2206 4900 passos

792 4919 907 5012 viginti
930 4929 962 4990 et
984 4930 1058 4992 tres.
1082 4921 1159 4992 Alin
1183 4945 1266 5014 capu
1292 4931 1378 4993 tenet
1402 4931 1488 4991 terra
1512 4923 1551 4992 de
1574 4920 1722 4993 homines
1740 4925 1780 4995 de
1796 4925 1908 4996 cesale.
1924 4928 1997 4998 abet
2015 4931 2132 5002 exinde
2146 4957 2205 5026 per

794 5041 971 5113 trabersurn
995 5041 1143 5114 similiter
1167 5065 1274 5136 passos
1298 5043 1416 5136 viginti
1441 5053 1473 5113 et
1496 5053 1570 5114 tres.
1594 5045 1645 5115 Ad
1670 5067 1819 5118 mensura
1844 5049 1882 5120 de
1898 5073 1993 5142 passu
2008 5053 2139 5126 landoni
2152 5078 2205 5127 se-
