4876 6520
981 655 1085 760 17).

314 821 355 894 ad
379 839 456 892 vero
479 818 543 892 alio
565 819 685 914 eapite.
700 865 709 890 .
724 837 755 890 t·
771 853 852 894 .,·.r
867 861 971 890 ·····
989 812 1127 888 meante
1150 813 1197 888 ibt
1220 815 1261 888 de
1283 815 1454 896 latitudine
1476 837 1582 913 passos
1606 822 1733 918 viginti.

468 945 599 1018 insimul
613 965 693 1018 vem
708 931 878 1018 memorati
894 940 978 1038 passi
992 949 1067 1014 mut
1081 943 1256 1014 mensurati
1269 945 1311 1016 ad
1324 964 1455 1038 passum
1472 947 1614 1046 terreum
1626 961 1733 1024 saneta

313 1075 513 1169 neapolitano
536 1073 681 1146 enclesis.
706 1073 756 1144 lle
779 1095 844 1169 qua
857 1073 1041 1146 militantis
1056 1085 1097 1162 ea
1108 1097 1146 1146 ao
1161 1075 1245 1170 qvod
1257 1076 1397 1168 saperius
1410 1075 1496 1148 uobis
1519 1079 1732 1152 commutavi·

314 1218 388 1272 mna
404 1199 489 1272 intus
504 1208 695 1272 memoratas
709 1195 907 1271 coherentias
923 1206 957 1270 et
968 1197 1056 1271 intus
1078 1198 1248 1270 memorati
1264 1199 1348 1292 passi
1363 1198 1495 1294 aliquod
1509 1201 1661 1274 remansit
1676 1210 1734 1274 aut

314 1323 548 1394 reservavimus
572 1343 631 1393 nee
653 1323 688 1393 in
712 1321 847 1391 alienam
871 1343 1040 1414 personam
1062 1322 1269 1392 commisimus
1288 1337 1468 1414 potestatem
1493 1327 1544 1396 secl
1566 1327 1676 1398 amodo
1699 1334 1731 1400 st

315 1447 462 1539 deinceps
487 1472 506 1516 a
529 1445 621 1516 nobis
644 1445 736 1518 vobis
758 1445 823 1516 sint
840 1445 1065 1517 confirmatum
1081 1455 1115 1517 ct
1132 1445 1283 1520 traditum
1297 1447 1332 1518 in
1347 1457 1452 1520 vestra
1467 1449 1642 1544 vestrisque
1666 1451 1730 1522 ue-

314 1572 444 1643 redibus
467 1571 529 1644 sint
551 1579 740 1665 potestatem
763 1593 894 1666 queque
917 1570 1034 1644 exinde
1056 1573 1161 1642 iacere
1184 1572 1345 1644 volueritis
1366 1596 1482 1666 seraper
1510 1575 1637 1646 liberem
1665 1577 1729 1649 iao·

314 1696 409 1766 beatis
428 1709 617 1786 potestatem
641 1703 673 1764 et
695 1717 801 1788 neque
817 1719 835 1764 a
854 1693 946 1764 nobis
969 1687 1147 1765 memorato
1163 1693 1302 1765 iohanne
1317 1693 1473 1766 humilem
1488 1720 1651 1790 ygumeno
1664 1722 1729 1772 una

312 1841 387 1890 cum
410 1830 524 1891 cuncta
547 1830 654 1892 nostra
679 1818 928 1914 congregatione
951 1817 1185 1890 monachornm
1208 1841 1313 1913 neque
1336 1844 1355 1889 a
1379 1819 1513 1914 posteris
1530 1823 1646 1894 nostris
1668 1847 1728 1894 nec

311 1970 329 2015 a
354 1945 444 2016 nobis
468 1947 637 2018 summissis
657 1945 797 2036 personis
820 1944 909 2015 nullo
936 1954 1079 2037 ternpore
1103 1965 1281 2038 numquam
1304 1967 1364 2016 vos
1379 1956 1558 2034 memorato
1573 1947 1728 2042 stephano

310 2079 343 2141 et
359 2068 489 2141 iohanni
507 2069 667 2164 germanis
683 2077 740 2138 aut
753 2067 923 2142 heredibus
939 2069 1052 2140 restris
1066 2069 1155 2163 quod
1170 2067 1252 2138 elisit
1266 2065 1409 2140 habeatis
1424 2069 1539 2142 exinde
1555 2071 1726 2168 aliquando

308 2219 513 2293 quacumque
537 2197 778 2292 requisitionem
792 2210 847 2268 met
862 2198 1031 2269 molestiam
1042 2217 1100 2290 prr
1113 2195 1233 2268 madium
1247 2197 1375 2268 modom
1388 2217 1448 2268 uec
1470 2220 1529 2291 per
1550 2200 1727 2278 summissis

308 2321 451 2415 personis
475 2320 517 2392 ha
531 2343 616 2392 nune
632 2329 665 2392 et
680 2321 888 2414 imperpetuis
904 2319 1111 2415 temporibus.
1127 2319 1259 2414 Insuper
1276 2318 1366 2390 omni
1381 2329 1524 2414 tempore
1538 2345 1598 2395 nos
1612 2333 1645 2395 et
1660 2349 1724 2418 po-

307 2450 399 2522 steris
415 2450 530 2520 uostris
544 2449 635 2520 vobis
646 2449 834 2543 vestrisque.
851 2447 1022 2520 heredibus
1032 2447 1148 2519 exinde
1163 2445 1204 2517 ab
1218 2445 1322 2516 omnis
1338 2447 1473 2517 homme
1488 2448 1641 2542 omnique
1653 2473 1725 2544 per·

305 2598 381 2649 sono
404 2577 440 2643 s'a
454 2576 595 2646 ommibus
618 2581 774 2645 antestare
789 2581 823 2643 et
837 2572 1000 2643 defensare
1022 2569 1249 2662 promittimus.
1272 2573 1508 2668 propterquod
1525 2581 1563 2644 ut
1578 2576 1724 2668 superius

307 2701 449 2772 diximus
461 2708 538 2769 tunc
551 2699 591 2768 ad
605 2699 711 2768 vicem
726 2697 761 2766 in
775 2696 1057 2766 commutationem
1069 2697 1412 2791 resorrapmsotiomiaqm
1425 2703 1595 2794 occepimus
1607 2726 1628 2773 o
1642 2705 1724 2775 vobis

308 2826 386 2896 idest
409 2847 475 2894 omo
498 2825 621 2918 integra
646 2824 729 2916 petia
754 2823 794 2894 de
818 2834 903 2894 terra
928 2835 1031 2892 vestra
1056 2845 1121 2916 que
1146 2832 1279 2894 vocatur
1302 2823 1342 2894 ad
1358 2847 1506 2918 campum
1526 2827 1647 2903 maiore
1663 2831 1722 2902 sita

307 2948 341 3020 in
365 2949 478 3022 eodem
501 2948 575 3018 loco
597 2970 673 3017 cum
697 2945 865 3016 arvoribus
887 2955 919 3017 et
936 2945 1103 3016 introitum
1126 2968 1222 3018 suum
1241 2948 1464 3044 omnibusque.
1478 2951 1540 3022 sivi
1555 2953 1722 3044 pertiuen-

307 3071 404 3144 tihus.
428 3073 582 3143 enimenta
604 3072 666 3140 aiei
689 3092 709 3140 o
733 3079 821 3162 parte
837 3067 993 3140 horientis
1006 3078 1090 3140 terra
1109 3067 1232 3138 domini
1248 3071 1347 3162 sergii
1364 3071 1430 3142 tilio
1446 3073 1567 3145 domini
1583 3072 1722 3150 iohanni.

308 3207 404 3270 etex
428 3197 491 3269 alio
515 3197 612 3268 latere
635 3207 724 3289 parte
754 3195 950 3267 hoocideutis
981 3205 1066 3265 terra
1098 3195 1158 3289 qui
1188 3195 1250 3267 tuit
1278 3196 1317 3268 de
1346 3197 1405 3270 illu
1434 3201 1592 3274 stroniulu
1622 3225 1722 3302 quem
1834 3225 1835 3230 ’

307 3349 393 3398 nune
417 3326 536 3397 detinet
560 3341 588 3398 et
605 3326 692 3395 labet
707 3325 754 3394 ibi
770 3327 808 3396 de
824 3323 1021 3420 longitudine
1034 3347 1095 3420 pro
1118 3347 1315 3421 unoquoque
1337 3323 1436 3400 latere
1458 3351 1566 3425 passos
1588 3341 1720 3426 septua-

305 3451 393 3547 ginta
419 3450 577 3543 quinque.
603 3450 653 3520 De
677 3472 744 3522 uno
768 3449 872 3543 capite
896 3460 986 3543 parte
1007 3447 1230 3542 septentrionis
1254 3459 1338 3520 terra
1361 3459 1468 3522 nostra
1472 3499 1712 3527 ...........

303 3587 331 3646 rt
354 3573 442 3646 taber
465 3572 510 3642 ibi
534 3573 575 3644 de
598 3571 764 3643 latitudine
788 3595 895 3666 passos
918 3571 1034 3666 viginti
1056 3593 1124 3648 sex·
1148 3571 1189 3643 ad
1212 3593 1291 3643 vero
1314 3571 1379 3642 alio
1402 3579 1504 3666 eapite
1527 3585 1616 3668 parte
1645 3599 1722 3650 me-

303 3701 426 3773 ridiana
448 3700 595 3771 similiter
617 3699 679 3770 alia
701 3709 786 3771 terra
810 3709 917 3770 nostra
953 3697 1094 3770 iamdicti
1117 3697 1217 3768 sancti
1250 3697 1350 3768 nostri
1373 3701 1558 3773 monasterii
1582 3717 1609 3772 et
1633 3702 1722 3776 moer

304 3829 351 3898 ili
376 3829 412 3897 ds
437 3825 605 3896 latitudine
625 3846 730 3917 pessos
752 3823 867 3916 viginti
890 3833 1012 3916 septem
1035 3821 1211 3891 mensurati
1226 3822 1266 3892 ad
1282 3833 1494 3894 memoratum
1509 3845 1636 3916 passum
1650 3827 1721 3897 ier-

304 3977 397 4028 reum
420 3962 527 4026 sancte
551 3952 750 4047 neapolitana
774 3949 923 4021 ecclesie:
950 3947 1043 4020 Unde
1066 3947 1146 4018 nihil
1170 3947 1262 4020 vobis
1286 3947 1404 4019 exinde
1419 3947 1550 4045 aliquod
1569 3953 1721 4027 remansit

305 4091 360 4153 aut
383 4081 567 4152 reservastis
574 4125 844 4152 ............
852 4075 986 4148 heredes
1010 4073 1123 4147 vestris
1146 4073 1239 4146 nobis
1262 4075 1474 4168 posterisque.
1505 4079 1621 4149 nostris
1644 4103 1721 4154 mo-

306 4217 497 4301 mosatoqne
520 4213 630 4277 sancto
654 4213 763 4274 nostro
788 4201 982 4274 monasterio
998 4199 1115 4274 exinde
1130 4199 1170 4270 ab
1186 4199 1290 4271 omnis
1305 4197 1452 4272 homines
1468 4203 1623 4298 omnique
1638 4229 1720 4300 per-

305 4357 381 4404 sona
404 4335 438 4404 in
463 4331 611 4403 omnibus
635 4341 789 4402 antestare
806 4343 834 4401 et
848 4329 1005 4423 defossam
1028 4327 1169 4401 debeatis
1184 4329 1278 4401 sicuti
1293 4335 1325 4398 et
1337 4331 1501 4422 quomodo
1516 4341 1622 4402 nostra
1640 4355 1720 4404 con·

304 4459 385 4530 tinet
407 4457 550 4529 chartula
573 4455 823 4528 confirmationis
852 4467 951 4549 quem
983 4475 1042 4526 vos
1070 4475 1146 4526 eum
1173 4453 1338 4526 voluntate
1364 4465 1540 4528 memorate
1571 4459 1719 4550 genitrici

307 4597 410 4658 vestre
433 4584 524 4656 nobis
547 4584 662 4658 exinde
687 4581 804 4656 fecistis
821 4587 857 4653 im
874 4605 993 4653 mmmm
1015 4581 1198 4654 decisionem
1214 4603 1270 4655 seu
1288 4581 1558 4657 deliberationem.
1575 4585 1659 4670 Quia
1674 4587 1719 4657 ita

303 4713 394 4785 uobis
416 4713 502 4783 stetit
525 4714 629 4806 adque
653 4711 855 4804 complacui:
874 4711 907 4782 si
932 4717 1039 4782 autem
1062 4731 1122 4781 uos
1146 4720 1201 4780 aut
1225 4713 1358 4804 posteris
1382 4713 1497 4783 nostris
1512 4713 1564 4785 vel
1588 4735 1717 4783 memo·

303 4855 391 4914 ratus
413 4851 540 4912 sanetus
563 4847 670 4912 noster
693 4838 904 4912 monasterius
927 4841 1035 4934 qooois
1059 4853 1190 4932 tenpore
1212 4855 1319 4911 eomro
1342 4839 1424 4911 haue
1439 4838 1617 4912 'chartulam
1633 4863 1718 4912 ooo-
