4906 6520
940 607 1131 700 (aaa).

259 795 262 800 ·
310 759 401 832 riom
424 755 591 853 presbyter
615 764 648 829 et
669 755 856 831 monachus.
876 755 914 832 'et
927 781 1002 830 cum
1018 759 1136 832 silliete
1150 761 1337 834 monachus.
1354 763 1395 835 de
1416 771 1523 838 sancta
1548 789 1731 862 congrega-

309 889 396 960 tione
420 909 477 958 sna
494 885 535 958 de
550 886 768 981 suprascripto
793 888 997 962 monasterio.
1022 901 1181 962 venerunt
1196 914 1271 962 eum
1287 892 1453 986 evangelia
1470 895 1509 964 ad
1526 894 1594 988 ipsa
1618 917 1731 966 saera-

308 1023 415 1087 menta
443 1013 673 1108 recipiendum.
703 1015 825 1110 placuit
847 1017 931 1090 inter
954 1017 1001 1088 eis
1030 1041 1090 1112 per
1120 1027 1226 1112 partes
1257 1028 1290 1090 et
1318 1020 1402 1092 dixit
1434 1020 1557 1114 dpuieri
1585 1032 1618 1092 et
1644 1023 1729 1116 petri

306 1155 340 1215 et
364 1142 508 1214 adelieri.
543 1160 620 1216 cnm
645 1143 718 1216 aliis
741 1143 905 1238 germanis
936 1147 1014 1218 suis.
1038 1146 1124 1218 iuret
1151 1145 1244 1218 nobis
1267 1147 1342 1218 inde
1366 1149 1418 1220 leo
1442 1148 1526 1220 iiiios
1550 1149 1629 1220 voni
1654 1173 1727 1222 mo-

206 1303 208 1308 ,
305 1271 475 1344 eueniet
511 1270 596 1366 petri
621 1272 663 1344 do
687 1273 801 1366 godini
825 1280 858 1344 et
881 1273 974 1346 obeat
1003 1272 1078 1344 iilnt
1105 1273 1174 1367 ipse
1204 1274 1409 1346 monasterio.
1442 1282 1519 1346 tnnc
1554 1275 1728 1372 statimque

304 1406 453 1494 presente
474 1399 597 1472 ibidem
620 1399 709 1472 intro
731 1400 804 1496 ipso
826 1400 1007 1473 insertitum
1033 1401 1153 1472 iumbit
1175 1400 1245 1495 ipae
1269 1402 1331 1473 leo.
1352 1410 1384 1474 et
1400 1403 1492 1496 petri.
1511 1412 1544 1474 et
1566 1403 1651 1475 dixit
1669 1427 1726 1496 per

303 1527 365 1597 ieta
388 1525 442 1598 dei
465 1524 632 1620 evangelia
656 1523 749 1598 iatam
773 1525 870 1598 rebus
893 1547 969 1600 cnm
993 1525 1145 1597 inserteta
1168 1535 1201 1598 et
1223 1528 1383 1620 pontieeta
1408 1539 1440 1598 et
1455 1529 1620 1623 quercieta
1647 1551 1723 1601 oum

306 1655 416 1727 omnia
439 1655 527 1726 intro
549 1675 585 1726 se
608 1649 801 1738 habentibus
824 1677 883 1748 per
906 1655 974 1748 ipse
990 1656 1063 1726 finis
1078 1655 1243 1752 quomodo
1266 1653 1404 1726 indicate
1428 1665 1514 1726 sunt.
1538 1681 1636 1752 qoem
1663 1679 1722 1730 nos

310 1829 535 1852 ..........
543 1779 730 1876 parentibus
753 1779 873 1852 nostris
897 1779 973 1851 odie
996 1803 1055 1872 per
1079 1777 1211 1874 triginta
1234 1801 1334 1875 annos
1357 1779 1577 1853 lavorabimus
1600 1793 1633 1856 et
1658 1789 1723 1858 do-

300 1907 490 1977 minabimoa
512 1905 581 1999 ipse
612 1911 768 1975 castaneo.
793 1914 826 1976 et
849 1903 1088 1976 nominabimus
1111 1903 1261 1997 pmprios
1296 1904 1336 1974 de
1360 1905 1432 1997 ipso
1456 1909 1653 1978 monasterio
1689 1919 1721 1978 et

300 2054 359 2105 ros
382 2032 504 2106 ibidem
532 2029 655 2104 nnllam
688 2030 943 2104 dominationem
971 2031 1139 2105 habuistis.
1172 2043 1205 2104 et
1234 2032 1333 2104 talem
1361 2033 1591 2126 obligationem
1616 2035 1722 2132 adque

299 2159 590 2234 manifestationem
614 2161 763 2234 ieoenrnt
785 2159 854 2252 ipse
877 2159 1014 2233 dauferii
1031 2168 1064 2228 et
1077 2159 1162 2253 petri
1178 2168 1211 2230 et
1233 2158 1333 2230 ioii'rit
1357 2169 1390 2227 et
1414 2158 1569 2232 iohannes
1593 2169 1625 2230 et
1651 2163 1721 2230 ier-

297 2265 404 2363 randii
420 2299 453 2360 et
468 2288 612 2360 adelferi.
634 2297 668 2360 et
687 2286 754 2358 suis
778 2283 928 2358 enodibus
941 2285 982 2356 ad
997 2284 1103 2379 ipsum
1119 2284 1251 2355 domino
1274 2282 1429 2355 iohannes
1453 2295 1485 2355 et
1508 2287 1549 2356 ad
1573 2297 1719 2378 posteros

296 2429 384 2490 snos.
411 2443 446 2492 se
469 2417 655 2512 obiigarunt
678 2427 716 2488 ut
738 2415 768 2488 ai
791 2412 965 2510 aliquando
989 2414 1178 2486 adveniente
1193 2423 1338 2506 tempore
1363 2412 1404 2484 de
1428 2413 1536 2506 ipsum
1560 2412 1656 2486 rebus
1682 2424 1719 2487 ut

294 2546 436 2619 diximus
458 2566 516 2638 per
539 2544 608 2637 ipse
631 2541 703 2613 bnis
727 2561 859 2616 causare
882 2547 939 2610 ant
961 2537 1152 2610 contendere
1167 2535 1377 2630 presumserit
1392 2537 1459 2607 sibe
1474 2559 1533 2632 per
1549 2545 1644 2610 testes
1660 2548 1717 2612 aut
1780 2631 1783 2638 Ι

290 2663 352 2768 per
373 2672 542 2746 monimen
565 2671 760 2740 anteriorem
783 2689 841 2739 seu
864 2666 1078 2762 posteriorem
1108 2675 1164 2736 aut
1186 2689 1245 2760 per
1268 2686 1476 2761 quacumque
1501 2665 1633 2738 inbenta
1656 2689 1715 2736 ra-

292 2801 415 2873 tionem
430 2800 514 2872 sient
528 2798 628 2871 borno
645 2801 752 2870 iacere
767 2804 892 2891 poteret
906 2793 1140 2901 qunquaginta
1154 2795 1273 2868 solidos
1289 2795 1562 2866 comtantinianos
1577 2815 1715 2888 compo·

292 2945 369 2997 nere
395 2923 632 3018 obligabernnt.
656 2931 691 2995 et
712 2943 772 3016 per
787 2919 898 2992 inbitis
913 2942 1040 3014 semper
1056 2919 1161 2990 tacitis
1176 2927 1209 2991 et
1222 2919 1392 2992 contemtis
1407 2921 1553 2992 manead.
1577 2927 1609 2992 et
1624 2919 1714 2992 buno

290 3058 439 3121 nostrum
470 3048 620 3120 misimus
645 3047 824 3120 iudicatum
852 3045 942 3142 quod
967 3045 1026 3117 tibi
1051 3041 1204 3116 aidemari
1227 3041 1356 3114 diaconi
1379 3055 1411 3112 et
1434 3043 1554 3115 notarii
1573 3043 1713 3114 seribere

291 3178 419 3250 ditabit
441 3179 540 3249 Lauri

385 3304 415 3400 †
439 3329 501 3400 ego
524 3307 657 3376 ioannes
681 3305 835 3376 diaconus

384 3427 415 3524 †
439 3455 502 3524 ego
526 3430 623 3526 galdo

383 3553 415 3651 †
439 3579 501 3649 ego
524 3556 619 3649 galdo
